<?xml version="1.0" encoding="UTF-8"?>
<collection xmlns="http://www.loc.gov/MARC21/slim"
                 xmlns:xsi="http://www.w3.org/2001/XMLSchema-instance"
                 xsi:schemaLocation="http://www.loc.gov/MARC21/slim http://www.loc.gov/standards/marcxml/schema/MARC21slim.xsd">
    <!-- Library of Congress -->
    <record>
        <leader>02369cam a2200529 i 4500</leader>
        <controlfield tag="001">22915998</controlfield>
        <controlfield tag="005">20230706160522.0</controlfield>
        <controlfield tag="008">230103s2022    caua     6    000 1 eng d</controlfield>
        <datafield tag="010" ind1=" " ind2=" ">
            <subfield code="a">  2022417750</subfield>
        </datafield>
        <datafield tag="020" ind1=" " ind2=" ">
            <subfield code="a">1684059275</subfield>
            <subfield code="q">(paperback)</subfield>
        </datafield>
        <datafield tag="020" ind1=" " ind2=" ">
            <subfield code="a">9781684059270</subfield>
            <subfield code="q">(paperback)</subfield>
        </datafield>
        <datafield tag="082" ind1="0" ind2="0">
            <subfield code="a">741.5/973</subfield>
            <subfield code="2">23/eng/20230706</subfield>
        </datafield>
        <datafield tag="245" ind1="0" ind2="4">
            <subfield code="a">The best of EC stories /</subfield>
            <subfield code="c">writers, Ray Bradbury, Johnny Craig, Carl Wessler, Jack Oleck, Jack Davis, Al Feldstein, Bill Gaines, Harvey Kurtzman, Otto Binder ; artists, Johnny Craig, Reed Crandall, Jack Davis, Graham Ingels, Roy Krenkel, Bernie Krigstein, Harvey Kurtzman, Joe Orlando, Alex Toth, Al Williamson, Wally Wood.</subfield>
        </datafield>
        <datafield tag="250" ind1=" " ind2=" ">
            <subfield code="a">Artisan edition.</subfield>
        </datafield>
        <datafield tag="264" ind1=" " ind2="1">
            <subfield code="a">San Diego, CA :</subfield>
            <subfield code="b">IDW,</subfield>
            <subfield code="c">2022.</subfield>
        </datafield>
        <datafield tag="300" ind1=" " ind2=" ">
            <subfield code="a">1 volume :</subfield>
            <subfield code="b">chiefly illustrations ;</subfield>
            <subfield code="c">31 cm.</subfield>
        </datafield>
        <datafield tag="336" ind1=" " ind2=" ">
            <subfield code="a">text</subfield>
            <subfield code="0">http://rdaregistry.info/termList/RDAContentType/1020</subfield>
        </datafield>
        <datafield tag="337" ind1=" " ind2=" ">
            <subfield code="a">unmediated</subfield>
            <subfield code="0">http://rdaregistry.info/termList/RDAMediaType/1007</subfield>
        </datafield>
        <datafield tag="338" ind1=" " ind2=" ">
            <subfield code="a">volume</subfield>
            <subfield code="0">http://rdaregistry.info/termList/RDACarrierType/1049</subfield>
            <subfield code="2">rdacarrier</subfield>
        </datafield>
        <datafield tag="380" ind1=" " ind2=" ">
            <subfield code="a">Language-based work</subfield>
            <subfield code="0">https://schema.nb.no/Bibliographic/Values/V1000</subfield>
        </datafield>
        <datafield tag="336" ind1=" " ind2=" ">
            <subfield code="a">still image</subfield>
            <subfield code="b">sti</subfield>
            <subfield code="2">rdacontent</subfield>
        </datafield>
        <datafield tag="336" ind1=" " ind2=" ">
            <subfield code="a">text</subfield>
            <subfield code="b">txt</subfield>
            <subfield code="2">rdacontent</subfield>
            <subfield code="0">http://rdaregistry.info/termList/RDAContentType/1020</subfield>
        </datafield>
        <datafield tag="337" ind1=" " ind2=" ">
            <subfield code="a">unmediated</subfield>
            <subfield code="b">n</subfield>
            <subfield code="2">rdamedia</subfield>
            <subfield code="0">http://rdaregistry.info/termList/RDAMediaType/1007</subfield>
        </datafield>
        <datafield tag="338" ind1=" " ind2=" ">
            <subfield code="a">volume</subfield>
            <subfield code="b">nc</subfield>
            <subfield code="2">rdacarrier</subfield>
            <subfield code="0">http://rdaregistry.info/termList/RDACarrierType/1049</subfield>
        </datafield>
        <datafield tag="500" ind1=" " ind2=" ">
            <subfield code="a">Contains material originally published in magazine form in the late 1940s and early 1950s.</subfield>
        </datafield>
        <datafield tag="700" ind1="1" ind2=" ">
            <subfield code="a">Binder, Otto O.</subfield>
            <subfield code="q">(Otto Oscar),</subfield>
            <subfield code="d">1911-1975,</subfield>
            <subfield code="e">author.</subfield>
        </datafield>
        <datafield tag="700" ind1="1" ind2=" ">
            <subfield code="a">Bradbury, Ray,</subfield>
            <subfield code="d">1920-2012,</subfield>
            <subfield code="e">author.</subfield>
        </datafield>
        <datafield tag="700" ind1="1" ind2=" ">
            <subfield code="a">Craig, Johnny,</subfield>
            <subfield code="d">1926-2001,</subfield>
            <subfield code="e">author,</subfield>
            <subfield code="e">artist.</subfield>
        </datafield>
        <datafield tag="700" ind1="1" ind2=" ">
            <subfield code="a">Crandall, Reed,</subfield>
            <subfield code="d">1917-1982,</subfield>
            <subfield code="e">artist.</subfield>
        </datafield>
        <datafield tag="700" ind1="1" ind2=" ">
            <subfield code="a">Davis, Jack,</subfield>
            <subfield code="d">1924-2016,</subfield>
            <subfield code="e">author,</subfield>
            <subfield code="e">artist.</subfield>
        </datafield>
        <datafield tag="700" ind1="1" ind2=" ">
            <subfield code="a">Feldstein, Albert B.,</subfield>
            <subfield code="e">author.</subfield>
        </datafield>
        <datafield tag="700" ind1="1" ind2=" ">
            <subfield code="a">Gaines, William M.,</subfield>
            <subfield code="e">author.</subfield>
        </datafield>
        <datafield tag="700" ind1="1" ind2=" ">
            <subfield code="a">Ingels, Graham,</subfield>
            <subfield code="d">1915-1991,</subfield>
            <subfield code="e">artist.</subfield>
        </datafield>
        <datafield tag="700" ind1="1" ind2=" ">
            <subfield code="a">Krenkel, Roy G.,</subfield>
            <subfield code="d">1918-1983,</subfield>
            <subfield code="e">artist.</subfield>
        </datafield>
        <datafield tag="700" ind1="1" ind2=" ">
            <subfield code="a">Krigstein, B.</subfield>
            <subfield code="q">(Bernard),</subfield>
            <subfield code="d">1919-1990,</subfield>
            <subfield code="e">artist.</subfield>
        </datafield>
        <datafield tag="700" ind1="1" ind2=" ">
            <subfield code="a">Kurtzman, Harvey,</subfield>
            <subfield code="e">author,</subfield>
            <subfield code="e">artist.</subfield>
        </datafield>
        <datafield tag="700" ind1="1" ind2=" ">
            <subfield code="a">Oleck, Jack,</subfield>
            <subfield code="e">author.</subfield>
        </datafield>
        <datafield tag="700" ind1="1" ind2=" ">
            <subfield code="a">Orlando, Joe,</subfield>
            <subfield code="e">artist.</subfield>
        </datafield>
        <datafield tag="700" ind1="1" ind2=" ">
            <subfield code="a">Toth, Alex,</subfield>
            <subfield code="e">artist.</subfield>
        </datafield>
        <datafield tag="700" ind1="1" ind2=" ">
            <subfield code="a">Wessler, Carl,</subfield>
            <subfield code="d">1913-1989,</subfield>
            <subfield code="e">author.</subfield>
        </datafield>
        <datafield tag="700" ind1="1" ind2=" ">
            <subfield code="a">Williamson, Al,</subfield>
            <subfield code="d">1931-2010,</subfield>
            <subfield code="e">artist.</subfield>
        </datafield>
        <datafield tag="700" ind1="1" ind2=" ">
            <subfield code="a">Wood, Wallace,</subfield>
            <subfield code="e">artist.</subfield>
        </datafield>
    </record>