
    <record>
        <leader>02411cam a2200385 a 4500</leader>
        <controlfield tag="001">17650692</controlfield>
        <controlfield tag="005">20170504120735.0</controlfield>
        <controlfield tag="008">130307s2009    waua          000 0 eng d</controlfield>
        <datafield tag="010" ind1=" " ind2=" ">
            <subfield code="a">  2012289765</subfield>
        </datafield>
        <datafield tag="020" ind1=" " ind2=" ">
            <subfield code="a">1606993054 (pbk.)</subfield>
        </datafield>
        <datafield tag="020" ind1=" " ind2=" ">
            <subfield code="a">1606993062 (hardcover)</subfield>
        </datafield>
        <datafield tag="020" ind1=" " ind2=" ">
            <subfield code="a">9781606993057 (pbk.)</subfield>
        </datafield>
        <datafield tag="020" ind1=" " ind2=" ">
            <subfield code="a">9781606993064 (hardcover)</subfield>
        </datafield>
        <datafield tag="043" ind1=" " ind2=" ">
            <subfield code="a">n-us---</subfield>
        </datafield>
        <datafield tag="082" ind1="0" ind2="0">
            <subfield code="a">741.5/6973</subfield>
            <subfield code="2">23</subfield>
        </datafield>
        <datafield tag="245" ind1="0" ind2="4">
            <subfield code="a">The definitive Prince Valiant companion /</subfield>
            <subfield code="c">compiled &amp; designed by Brian M. Kane ; text by Ray Bradbury ... [et. al.].</subfield>
        </datafield>
        <datafield tag="250" ind1=" " ind2=" ">
            <subfield code="a">Revised ed. ; 1st ed.</subfield>
        </datafield>
        <datafield tag="260" ind1=" " ind2=" ">
            <subfield code="a">Seattle, WA :</subfield>
            <subfield code="b">Fantagraphics Books,</subfield>
            <subfield code="c">2009.</subfield>
        </datafield>
        <datafield tag="300" ind1=" " ind2=" ">
            <subfield code="a">159 p. :</subfield>
            <subfield code="b">ill (some col.) ;</subfield>
            <subfield code="c">28 cm.</subfield>
        </datafield>
        <datafield tag="336" ind1=" " ind2=" ">
            <subfield code="a">text</subfield>
            <subfield code="0">http://rdaregistry.info/termList/RDAContentType/1020</subfield>
        </datafield>
        <datafield tag="337" ind1=" " ind2=" ">
            <subfield code="a">unmediated</subfield>
            <subfield code="0">http://rdaregistry.info/termList/RDAMediaType/1007</subfield>
        </datafield>
        <datafield tag="338" ind1=" " ind2=" ">
            <subfield code="a">volume</subfield>
            <subfield code="0">http://rdaregistry.info/termList/RDACarrierType/1049</subfield>
            <subfield code="2">rdacarrier</subfield>
        </datafield>
        <datafield tag="380" ind1=" " ind2=" ">
            <subfield code="a">Language-based work</subfield>
            <subfield code="0">https://schema.nb.no/Bibliographic/Values/V1000</subfield>
        </datafield>
        <datafield tag="505" ind1="2" ind2="0">
            <subfield code="t">Introduction /</subfield>
            <subfield code="r">by Ray Bradbury --</subfield>
            <subfield code="t">Foreword /</subfield>
            <subfield code="r">by Brian Walker --</subfield>
            <subfield code="t">Introduction to the first edition /</subfield>
            <subfield code="r">by Todd Goldberg --</subfield>
            <subfield code="g">A</subfield>
            <subfield code="t">Prince Valient story index --</subfield>
            <subfield code="g">A</subfield>
            <subfield code="t">Prince Valient color gallery --</subfield>
            <subfield code="t">Of Mead, Whiskey. amd Brandywine : the artistic bloodline of Prince Valiant --</subfield>
            <subfield code="g">The</subfield>
            <subfield code="t">man who draws Prince Valiant : originally presented in Everyday magazine in the St. Louis dispatch, February 6, 1949 --</subfield>
            <subfield code="t">Hal Foster : drawing upon history : originally presented in The comics journal #102, September 1985 --</subfield>
            <subfield code="t">Hal Foster's introduction into the Society of Illustrators Hall of Fame --</subfield>
            <subfield code="t">From prizefighters to princes : the classic art of John Cullen Murphy : originally presented in The comics journal #253, June 2003 --</subfield>
            <subfield code="t">John Cullen Murphy : goodnight fair prince : originally presented in The comics journal #264, Nov/Dec. 2004 --</subfield>
            <subfield code="t">Franke Bolle : the ghost of Camelot --</subfield>
            <subfield code="t">Gary Gianni &amp; Mark Schultz : the adventures continue --</subfield>
            <subfield code="g">The</subfield>
            <subfield code="t">Friends of Hal Foster Society.</subfield>
        </datafield>
        <datafield tag="600" ind1="1" ind2="0">
            <subfield code="a">Foster, Harold R.</subfield>
            <subfield code="q">(Harold Rudolf),</subfield>
            <subfield code="d">1892-1982.</subfield>
        </datafield>
        <datafield tag="630" ind1="0" ind2="0">
            <subfield code="a">Prince Valiant (Comic strip)</subfield>
        </datafield>
        <datafield tag="700" ind1="1" ind2=" ">
            <subfield code="a">Bradbury, Ray,</subfield>
            <subfield code="d">1920-2012.</subfield>
        </datafield>
        <datafield tag="700" ind1="1" ind2=" ">
            <subfield code="a">Foster, Harold R.</subfield>
            <subfield code="q">(Harold Rudolf),</subfield>
            <subfield code="d">1892-1982.</subfield>
        </datafield>
        <datafield tag="700" ind1="1" ind2=" ">
            <subfield code="a">Kane, Brian M.</subfield>
        </datafield>
    </record>