
    <record>
        <leader>04967cgm a22009977i 4500</leader>
        <controlfield tag="001">22471200</controlfield>
        <controlfield tag="005">20220318083712.0</controlfield>
        <controlfield tag="007">vd csaizm</controlfield>
        <controlfield tag="008">220318t20172017xxk113            mleng  </controlfield>
        <datafield tag="010" ind1=" " ind2=" ">
            <subfield code="a">  2022600881</subfield>
        </datafield>
        <datafield tag="024" ind1="1" ind2=" ">
            <subfield code="a">025192401169</subfield>
        </datafield>
        <datafield tag="028" ind1="4" ind2="1">
            <subfield code="a">6118502</subfield>
            <subfield code="b">Universal</subfield>
        </datafield>
        <datafield tag="028" ind1="4" ind2="2">
            <subfield code="a">61185020</subfield>
            <subfield code="b">Universal</subfield>
        </datafield>
        <datafield tag="041" ind1="1" ind2=" ">
            <subfield code="a">eng</subfield>
            <subfield code="a">jpn</subfield>
            <subfield code="j">dan</subfield>
            <subfield code="j">eng</subfield>
            <subfield code="j">fin</subfield>
            <subfield code="j">jpn</subfield>
            <subfield code="j">nor</subfield>
            <subfield code="j">swe</subfield>
            <subfield code="p">eng</subfield>
            <subfield code="h">eng</subfield>
        </datafield>
        <datafield tag="046" ind1=" " ind2=" ">
            <subfield code="k">1966</subfield>
            <subfield code="2">edtf</subfield>
        </datafield>
        <datafield tag="130" ind1="0" ind2=" ">
            <subfield code="a">Fahrenheit 451 (Motion picture : 1966)</subfield>
        </datafield>
        <datafield tag="245" ind1="1" ind2="0">
            <subfield code="a">Fahrenheit 451 /</subfield>
            <subfield code="c">an Enterprise Vineyard Film production ; producer, Lewis M. Allen ; director, Francois Truffaut ; screenplay by Francois Truffaut and Jean-Louis Richard.</subfield>
        </datafield>
        <datafield tag="246" ind1="3" ind2=" ">
            <subfield code="a">Fahrenheit four fifty one</subfield>
        </datafield>
        <datafield tag="246" ind1="3" ind2=" ">
            <subfield code="a">Fahrenheit four five one</subfield>
        </datafield>
        <datafield tag="246" ind1="3" ind2=" ">
            <subfield code="a">Fahrenheit four hundred fifty-one</subfield>
        </datafield>
        <datafield tag="250" ind1=" " ind2=" ">
            <subfield code="a">50th anniversary edition.</subfield>
        </datafield>
        <datafield tag="257" ind1=" " ind2=" ">
            <subfield code="a">Great Britain</subfield>
            <subfield code="2">naf</subfield>
        </datafield>
        <datafield tag="264" ind1=" " ind2="2">
            <subfield code="a">Universal City, California :</subfield>
            <subfield code="b">Universal Pictures Home Entertainment,</subfield>
            <subfield code="c">[2017]</subfield>
        </datafield>
        <datafield tag="264" ind1=" " ind2="4">
            <subfield code="c">©2017</subfield>
        </datafield>
        <datafield tag="300" ind1=" " ind2=" ">
            <subfield code="3">viewing copy</subfield>
            <subfield code="a">1 videodisc (1 hr., 53 min.) :</subfield>
            <subfield code="b">sound, color ;</subfield>
            <subfield code="c">4 3/4 in.</subfield>
        </datafield>
        <datafield tag="336" ind1=" " ind2=" ">
            <subfield code="a">two-dimensional moving image</subfield>
            <subfield code="b">tdi</subfield>
            <subfield code="2">rdacontent</subfield>
        </datafield>
        <datafield tag="337" ind1=" " ind2=" ">
            <subfield code="a">video</subfield>
            <subfield code="b">v</subfield>
            <subfield code="2">rdamedia</subfield>
        </datafield>
        <datafield tag="338" ind1=" " ind2=" ">
            <subfield code="a">videodisc</subfield>
            <subfield code="b">vd</subfield>
            <subfield code="2">rdacarrier</subfield>
        </datafield>
        <datafield tag="340" ind1=" " ind2=" ">
            <subfield code="b">4 3/4 in.</subfield>
            <subfield code="2">rda</subfield>
        </datafield>
        <datafield tag="344" ind1=" " ind2=" ">
            <subfield code="a">digital</subfield>
            <subfield code="b">optical</subfield>
            <subfield code="g">mono</subfield>
            <subfield code="h">DTS-HD Master Audio 2.0</subfield>
            <subfield code="h">Dolby Digital 2.0</subfield>
            <subfield code="2">rda</subfield>
        </datafield>
        <datafield tag="347" ind1=" " ind2=" ">
            <subfield code="a">video file</subfield>
            <subfield code="b">Blu-ray</subfield>
            <subfield code="2">rda</subfield>
        </datafield>
        <datafield tag="336" ind1=" " ind2=" ">
            <subfield code="a">moving image</subfield>
            <subfield code="0">http://rdaregistry.info/termList/RDAContentType/1023</subfield>
        </datafield>
        <datafield tag="337" ind1=" " ind2=" ">
            <subfield code="a">video</subfield>
            <subfield code="0">http://rdaregistry.info/termList/RDAMediaType/1008</subfield>
        </datafield>
        <datafield tag="338" ind1=" " ind2=" ">
            <subfield code="a">DVD</subfield>
            <subfield code="0">http://rdaregistry.info/termList/RDACarrierType/1060</subfield>
        </datafield>
        <datafield tag="380" ind1=" " ind2=" ">
            <subfield code="a">movie</subfield>
            <subfield code="0">https://schema.nb.no/Bibliographic/Values/V1002</subfield>
        </datafield>
        <datafield tag="380" ind1=" " ind2=" ">
            <subfield code="a">Motion pictures</subfield>
            <subfield code="2">lcgft</subfield>
        </datafield>
        <datafield tag="500" ind1=" " ind2=" ">
            <subfield code="a">Based on the novel by Ray Bradbury.</subfield>
        </datafield>
        <datafield tag="500" ind1=" " ind2=" ">
            <subfield code="a">Bonus features: the making of Fahrenheit 451 ; the novel, a discussion with author Ray Bradbury; the music of Fahrenheit 451; the original title sequence of feature; photo poster gallery; feature commentary with Julie Christie.</subfield>
        </datafield>
        <datafield tag="500" ind1=" " ind2=" ">
            <subfield code="a">Originally produced as a motion picture in 1966.</subfield>
        </datafield>
        <datafield tag="500" ind1=" " ind2=" ">
            <subfield code="a">Sources used: videodisc container.</subfield>
        </datafield>
        <datafield tag="500" ind1=" " ind2=" ">
            <subfield code="a">Title from container.</subfield>
        </datafield>
        <datafield tag="500" ind1=" " ind2=" ">
            <subfield code="a">Wide screen (1.85:1).</subfield>
        </datafield>
        <datafield tag="508" ind1=" " ind2=" ">
            <subfield code="a">Director of photography, Nicholas Roeg ; film editor, Thom Noble ; music, Bernard Herrmann.</subfield>
        </datafield>
        <datafield tag="511" ind1="1" ind2=" ">
            <subfield code="a">Julie Christie, Oskar Werner, Cyril Cusack, Anton Diffring, Jeremy Spenser, Alex Scott.</subfield>
        </datafield>
        <datafield tag="520" ind1=" " ind2=" ">
            <subfield code="a">Montag, a regimented fireman in charge of burning the forbidden volumes, meets a revolutionary school teacher who dares to read. Suddenly he finds himself a hunted fugitive, forced to choose not only between two women, but between personal safety and intellectual freedom.</subfield>
        </datafield>
        <datafield tag="538" ind1=" " ind2=" ">
            <subfield code="a">Requires Blu-ray player; DTS-HD Master Audio 2.0 (English); DTS Digital surround 2.0 mono (Japanese).</subfield>
        </datafield>
        <datafield tag="546" ind1=" " ind2=" ">
            <subfield code="a">In English or Japanese; optional Japanese, Norwegian, Swedish, Finnish, or Danish subtitles; English subtitles for the deaf and hard of hearing (SDH).</subfield>
        </datafield>
        <datafield tag="700" ind1="1" ind2=" ">
            <subfield code="a">Allen, Lewis M.,</subfield>
            <subfield code="d">1922-2003,</subfield>
            <subfield code="e">film producer.</subfield>
        </datafield>
        <datafield tag="700" ind1="1" ind2=" ">
            <subfield code="a">Christie, Julie,</subfield>
            <subfield code="d">1941-</subfield>
            <subfield code="e">actor.</subfield>
        </datafield>
        <datafield tag="700" ind1="1" ind2=" ">
            <subfield code="a">Cusack, Cyril,</subfield>
            <subfield code="d">1910-1993,</subfield>
            <subfield code="e">actor.</subfield>
        </datafield>
        <datafield tag="700" ind1="1" ind2=" ">
            <subfield code="a">Diffring, Anton,</subfield>
            <subfield code="d">1918-1989,</subfield>
            <subfield code="e">actor.</subfield>
        </datafield>
        <datafield tag="700" ind1="1" ind2=" ">
            <subfield code="a">Herrmann, Bernard,</subfield>
            <subfield code="d">1911-1975,</subfield>
            <subfield code="e">composer.</subfield>
        </datafield>
        <datafield tag="700" ind1="1" ind2=" ">
            <subfield code="a">Noble, Thom,</subfield>
            <subfield code="e">editor of moving image work.</subfield>
        </datafield>
        <datafield tag="700" ind1="1" ind2=" ">
            <subfield code="a">Richard, Jean-Louis,</subfield>
            <subfield code="e">screenwriter.</subfield>
        </datafield>
        <datafield tag="700" ind1="1" ind2=" ">
            <subfield code="a">Roeg, Nicolas,</subfield>
            <subfield code="d">1928-2018,</subfield>
            <subfield code="e">cinematographer.</subfield>
        </datafield>
        <datafield tag="700" ind1="1" ind2=" ">
            <subfield code="a">Scott, Alex,</subfield>
            <subfield code="d">1929-2015,</subfield>
            <subfield code="e">actor.</subfield>
        </datafield>
        <datafield tag="700" ind1="1" ind2=" ">
            <subfield code="a">Spenser, Jeremy,</subfield>
            <subfield code="d">1937-</subfield>
            <subfield code="e">actor.</subfield>
        </datafield>
        <datafield tag="700" ind1="1" ind2=" ">
            <subfield code="a">Truffaut, François,</subfield>
            <subfield code="e">film director,</subfield>
            <subfield code="e">screenwriter.</subfield>
        </datafield>
        <datafield tag="700" ind1="1" ind2=" ">
            <subfield code="a">Werner, Oskar,</subfield>
            <subfield code="d">1922-1984,</subfield>
            <subfield code="e">actor.</subfield>
        </datafield>
        <datafield tag="700" ind1="1" ind2=" ">
            <subfield code="i">Motion picture adaptation of (work):</subfield>
            <subfield code="a">Bradbury, Ray,</subfield>
            <subfield code="d">1920-2012.</subfield>
            <subfield code="t">Fahrenheit 451.</subfield>
        </datafield>
        <datafield tag="710" ind1="2" ind2=" ">
            <subfield code="a">Universal Pictures Home Entertainment (Firm),</subfield>
            <subfield code="e">film distributor.</subfield>
        </datafield>
        <datafield tag="710" ind1="2" ind2=" ">
            <subfield code="a">Vineyard Films,</subfield>
            <subfield code="e">production company.</subfield>
        </datafield>
        <datafield tag="773" ind1="0" ind2=" ">
            <subfield code="a">Roger Blunck Collection (Library of Congress)</subfield>
        </datafield>
    </record>