
    <record>
        <leader>01334cim a22002894a 4500</leader>
        <controlfield tag="001">15077484</controlfield>
        <controlfield tag="005">20120606115107.0</controlfield>
        <controlfield tag="007">ss lsnjlcmpnue</controlfield>
        <controlfield tag="008">071109s1987    xxunnn||       f| | eng  </controlfield>
        <datafield tag="010" ind1=" " ind2=" ">
            <subfield code="a">  2007657993</subfield>
        </datafield>
        <datafield tag="020" ind1=" " ind2=" ">
            <subfield code="a">0944305008</subfield>
        </datafield>
        <datafield tag="245" ind1="0" ind2="0">
            <subfield code="a">Omni audio experience.</subfield>
            <subfield code="n">[Vol. 1]</subfield>
            <subfield code="h">[sound recording].</subfield>
        </datafield>
        <datafield tag="260" ind1=" " ind2=" ">
            <subfield code="a">[United States] :</subfield>
            <subfield code="b">Bonneville Media Communications,</subfield>
            <subfield code="c">p1987.</subfield>
        </datafield>
        <datafield tag="300" ind1=" " ind2=" ">
            <subfield code="a">1 sound cassette :</subfield>
            <subfield code="b">analog, stereo., Dolby processed.</subfield>
        </datafield>
        <datafield tag="336" ind1=" " ind2=" ">
            <subfield code="a">spoken word</subfield>
            <subfield code="0">http://rdaregistry.info/termList/RDAContentType/1013</subfield>
        </datafield>
        <datafield tag="337" ind1=" " ind2=" ">
            <subfield code="a">audio</subfield>
            <subfield code="0">http://rdaregistry.info/termList/RDAMediaType/1001</subfield>
        </datafield>
        <datafield tag="338" ind1=" " ind2=" ">
            <subfield code="a">audiocassette</subfield>
            <subfield code="0">http://rdaregistry.info/termList/RDACarrierType/1007</subfield>
        </datafield>
        <datafield tag="380" ind1=" " ind2=" ">
            <subfield code="a">Language-based work</subfield>
            <subfield code="0">https://schema.nb.no/Bibliographic/Values/V1000</subfield>
        </datafield>
        <datafield tag="500" ind1=" " ind2=" ">
            <subfield code="a">In container (18 cm.).</subfield>
        </datafield>
        <datafield tag="505" ind1="0" ind2=" ">
            <subfield code="a">Introduction -- Story: And the moon be still as bright -- Interview: Ray Bradbury -- Story: Off season -- Memories -- Subliminal messages -- Quarks.</subfield>
        </datafield>
        <datafield tag="520" ind1=" " ind2=" ">
            <subfield code="a">Presents adaptations with sound effects of two stories from Ray Bradbury's The Martian chronicles. Includes an interview with Bradbury, a report on subliminal messages, and New Age music.</subfield>
        </datafield>
        <datafield tag="600" ind1="1" ind2="0">
            <subfield code="a">Bradbury, Ray,</subfield>
            <subfield code="d">1920-2012</subfield>
            <subfield code="v">Interviews.</subfield>
        </datafield>
        <datafield tag="700" ind1="1" ind2="2">
            <subfield code="a">Bradbury, Ray,</subfield>
            <subfield code="d">1920-2012.</subfield>
            <subfield code="t">Martian chronicles.</subfield>
        </datafield>
    </record>