
    <record>
        <leader>03633cgm a22005177a 4500</leader>
        <controlfield tag="001">17239904</controlfield>
        <controlfield tag="005">20131216090130.0</controlfield>
        <controlfield tag="007">vd cvaiz|</controlfield>
        <controlfield tag="008">120403s2004    xxc000            mleng d</controlfield>
        <datafield tag="010" ind1=" " ind2=" ">
            <subfield code="a">  2012601898</subfield>
        </datafield>
        <datafield tag="024" ind1="1" ind2=" ">
            <subfield code="a">096009232894</subfield>
        </datafield>
        <datafield tag="024" ind1="1" ind2=" ">
            <subfield code="a">096009576790</subfield>
        </datafield>
        <datafield tag="082" ind1="0" ind2="4">
            <subfield code="a">791.45/75</subfield>
            <subfield code="2">22</subfield>
        </datafield>
        <datafield tag="245" ind1="0" ind2="4">
            <subfield code="a">The Ray Bradbury theater /</subfield>
            <subfield code="c">Alliance Atlantis.</subfield>
        </datafield>
        <datafield tag="257" ind1=" " ind2=" ">
            <subfield code="a">Canada ; United States ; New Zealand ; France.</subfield>
        </datafield>
        <datafield tag="260" ind1=" " ind2=" ">
            <subfield code="a">[Needham, MA] :</subfield>
            <subfield code="b">Echo Bridge Home Entertainment,</subfield>
            <subfield code="c">c2004.</subfield>
        </datafield>
        <datafield tag="300" ind1=" " ind2=" ">
            <subfield code="a">5 videodiscs (1571 min.) :</subfield>
            <subfield code="b">sd., col. ;</subfield>
            <subfield code="c">4 3/4 in.</subfield>
            <subfield code="3">viewing copy.</subfield>
        </datafield>
        <datafield tag="336" ind1=" " ind2=" ">
            <subfield code="a">moving image</subfield>
            <subfield code="0">http://rdaregistry.info/termList/RDAContentType/1023</subfield>
        </datafield>
        <datafield tag="337" ind1=" " ind2=" ">
            <subfield code="a">video</subfield>
            <subfield code="0">http://rdaregistry.info/termList/RDAMediaType/1008</subfield>
        </datafield>
        <datafield tag="338" ind1=" " ind2=" ">
            <subfield code="a">DVD</subfield>
            <subfield code="0">http://rdaregistry.info/termList/RDACarrierType/1060</subfield>
        </datafield>
        <datafield tag="380" ind1=" " ind2=" ">
            <subfield code="a">movie</subfield>
            <subfield code="0">https://schema.nb.no/Bibliographic/Values/V1002</subfield>
        </datafield>
        <datafield tag="500" ind1=" " ind2=" ">
            <subfield code="a">"65 classic episodes on 5 DVDs."</subfield>
        </datafield>
        <datafield tag="500" ind1=" " ind2=" ">
            <subfield code="a">The Ray Bradbury Theater was originally presented by Home Box Office Television for broadcast between 1985 and 1992.</subfield>
        </datafield>
        <datafield tag="505" ind1="0" ind2=" ">
            <subfield code="a">[v. 1.] Disc 22139: The crowd -- Marionettes, Inc. -- The playground -- The screaming woman -- The town where no one got off -- Banshee -- The coffin -- Gotcha! -- The emissary -- The man upstairs -- The small assassin -- On the Orient, north -- The fruit at the bottom of the bowl -- [v. 2.] disc 22149: The dwarf -- A miracle of rare device -- There was an old woman -- Punishment without crime -- Tyrannosaurus rex -- The lake -- Skeleton -- And so died Riabouchinska -- The haunting of the new -- To the Chicago abyss -- The pedestrian -- Boys! -- Raise giant mushrooms in your cellar -- The veldt -- [v. 3.] disc 23259: A sound of thunder -- The wonderful death of Dudley Stone -- Hail and farewell -- Here there be tygers -- Touched with fire -- The wind -- A touch of petulance -- The black ferris -- The long years -- Exorcism -- Mars is heaven -- The murderer -- Usher II -- [v.4.] disc 23269: The toynbee convector -- The day it rained forever -- And the moon be still as bright -- Colonel Stonesteel and the desparate empties -- The earthmen -- Zero hour -- The utterly perfect murder -- The happiness machine -- The concrete mixer -- Let's play poison -- The dead man -- The Martian -- The jar -- [v.5.] disc 23279: The lonely one -- The long rain -- The anthem sprinters -- Fee fie foe fum -- Downwind from Gettysburg -- By the numbers -- The tombstone -- Tomorrow's child -- Silent towns -- Some live like Lazarus -- Sun and shadow -- Great wide world over there -- The handler.</subfield>
        </datafield>
        <datafield tag="511" ind1="1" ind2=" ">
            <subfield code="a">Drew Barrymore, Jeff Goldblum, William Shatner, Peter O'Toole, Sally Kellerman, Eugene Levy, Shelley Duval, Elliot Gould, Ray Sharkey.</subfield>
        </datafield>
        <datafield tag="520" ind1=" " ind2=" ">
            <subfield code="a">"A Canadian-produced fantastic anthology series scripted by famed science-fiction author Ray Bradbury"--Internet movie database WWW site, August 20, 2012.</subfield>
        </datafield>
        <datafield tag="538" ind1=" " ind2=" ">
            <subfield code="a">DVD; region 1; NTSC; aspect ratio 1.33:1.</subfield>
        </datafield>
        <datafield tag="700" ind1="1" ind2=" ">
            <subfield code="a">Barrymore, Drew.</subfield>
        </datafield>
        <datafield tag="700" ind1="1" ind2=" ">
            <subfield code="a">Bradbury, Ray,</subfield>
            <subfield code="d">1920-2012.</subfield>
        </datafield>
        <datafield tag="700" ind1="1" ind2=" ">
            <subfield code="a">Duvall, Shelley,</subfield>
            <subfield code="d">1949-</subfield>
        </datafield>
        <datafield tag="700" ind1="1" ind2=" ">
            <subfield code="a">Goldblum, Jeff,</subfield>
            <subfield code="d">1952-</subfield>
        </datafield>
        <datafield tag="700" ind1="1" ind2=" ">
            <subfield code="a">Gould, Elliott.</subfield>
        </datafield>
        <datafield tag="700" ind1="1" ind2=" ">
            <subfield code="a">Kellerman, Sally.</subfield>
        </datafield>
        <datafield tag="700" ind1="1" ind2=" ">
            <subfield code="a">Levy, Eugene,</subfield>
            <subfield code="d">1946-</subfield>
        </datafield>
        <datafield tag="700" ind1="1" ind2=" ">
            <subfield code="a">O'Toole, Peter,</subfield>
            <subfield code="d">1932-2013.</subfield>
        </datafield>
        <datafield tag="700" ind1="1" ind2=" ">
            <subfield code="a">Sharkey, Ray.</subfield>
        </datafield>
        <datafield tag="700" ind1="1" ind2=" ">
            <subfield code="a">Shatner, William.</subfield>
        </datafield>
        <datafield tag="710" ind1="2" ind2=" ">
            <subfield code="a">Alliance Atlantis (Firm)</subfield>
        </datafield>
        <datafield tag="710" ind1="2" ind2=" ">
            <subfield code="a">LC Purchase Collection (Library of Congress)</subfield>
            <subfield code="5">DLC</subfield>
        </datafield>
        <datafield tag="730" ind1="0" ind2=" ">
            <subfield code="a">Ray Bradbury theater.</subfield>
        </datafield>
    </record>