
    <record>
        <leader>04534cgm a22009857i 4500</leader>
        <controlfield tag="001">22757187</controlfield>
        <controlfield tag="005">20220819083343.0</controlfield>
        <controlfield tag="007">vd cvaizq</controlfield>
        <controlfield tag="008">220819s2004    xxu096            mleng  </controlfield>
        <datafield tag="010" ind1=" " ind2=" ">
            <subfield code="a">  2022605273</subfield>
        </datafield>
        <datafield tag="020" ind1=" " ind2=" ">
            <subfield code="a">0788851764</subfield>
        </datafield>
        <datafield tag="020" ind1=" " ind2=" ">
            <subfield code="a">9780788851766</subfield>
        </datafield>
        <datafield tag="024" ind1="1" ind2=" ">
            <subfield code="a">786936234206</subfield>
        </datafield>
        <datafield tag="024" ind1="1" ind2=" ">
            <subfield code="a">786936253740</subfield>
        </datafield>
        <datafield tag="028" ind1="4" ind2="2">
            <subfield code="a">33651</subfield>
            <subfield code="b">Buena Vista Home Entertainment</subfield>
        </datafield>
        <datafield tag="037" ind1=" " ind2=" ">
            <subfield code="a">33651</subfield>
            <subfield code="b">Buena Vista Home Entertainment</subfield>
        </datafield>
        <datafield tag="041" ind1="1" ind2=" ">
            <subfield code="a">eng</subfield>
            <subfield code="a">fre</subfield>
            <subfield code="a">spa</subfield>
            <subfield code="j">fre</subfield>
            <subfield code="p">eng</subfield>
            <subfield code="h">eng</subfield>
        </datafield>
        <datafield tag="043" ind1=" " ind2=" ">
            <subfield code="a">n-us-il</subfield>
        </datafield>
        <datafield tag="046" ind1=" " ind2=" ">
            <subfield code="k">1983</subfield>
            <subfield code="2">edtf</subfield>
        </datafield>
        <datafield tag="130" ind1="0" ind2=" ">
            <subfield code="a">Something wicked this way comes (Motion picture)</subfield>
        </datafield>
        <datafield tag="245" ind1="1" ind2="0">
            <subfield code="a">Something wicked this way comes /</subfield>
            <subfield code="c">Walt Disney Productions presents ; a Jack Clayton film ; a Bryna Company production ; screenplay by Ray Bradbury ; produced by Peter Vincent Douglas ; directed by Jack Clayton.</subfield>
        </datafield>
        <datafield tag="246" ind1="3" ind2=" ">
            <subfield code="a">Ray Bradbury's something wicked this way comes</subfield>
        </datafield>
        <datafield tag="257" ind1=" " ind2=" ">
            <subfield code="a">United States</subfield>
            <subfield code="2">naf</subfield>
        </datafield>
        <datafield tag="264" ind1=" " ind2="1">
            <subfield code="a">Burbank, CA :</subfield>
            <subfield code="b">Buena Vista Home Entertainment,</subfield>
            <subfield code="c">[2004]</subfield>
        </datafield>
        <datafield tag="300" ind1=" " ind2=" ">
            <subfield code="3">viewing copy</subfield>
            <subfield code="a">1 videodisc (96 min.) :</subfield>
            <subfield code="b">sound, color ;</subfield>
            <subfield code="c">4 3/4 in.</subfield>
        </datafield>
        <datafield tag="336" ind1=" " ind2=" ">
            <subfield code="a">moving image</subfield>
            <subfield code="0">http://rdaregistry.info/termList/RDAContentType/1023</subfield>
        </datafield>
        <datafield tag="337" ind1=" " ind2=" ">
            <subfield code="a">video</subfield>
            <subfield code="0">http://rdaregistry.info/termList/RDAMediaType/1008</subfield>
        </datafield>
        <datafield tag="338" ind1=" " ind2=" ">
            <subfield code="a">DVD</subfield>
            <subfield code="0">http://rdaregistry.info/termList/RDACarrierType/1060</subfield>
        </datafield>
        <datafield tag="380" ind1=" " ind2=" ">
            <subfield code="a">movie</subfield>
            <subfield code="0">https://schema.nb.no/Bibliographic/Values/V1002</subfield>
        </datafield>
        <datafield tag="336" ind1=" " ind2=" ">
            <subfield code="a">two-dimensional moving image</subfield>
            <subfield code="b">tdi</subfield>
            <subfield code="2">rdacontent</subfield>
        </datafield>
        <datafield tag="337" ind1=" " ind2=" ">
            <subfield code="a">video</subfield>
            <subfield code="b">v</subfield>
            <subfield code="2">rdamedia</subfield>
        </datafield>
        <datafield tag="338" ind1=" " ind2=" ">
            <subfield code="a">videodisc</subfield>
            <subfield code="b">vd</subfield>
            <subfield code="2">rdacarrier</subfield>
        </datafield>
        <datafield tag="340" ind1=" " ind2=" ">
            <subfield code="b">4 3/4 in.</subfield>
            <subfield code="2">rda</subfield>
        </datafield>
        <datafield tag="344" ind1=" " ind2=" ">
            <subfield code="a">digital</subfield>
            <subfield code="b">optical</subfield>
            <subfield code="g">surround</subfield>
            <subfield code="h">5.1 Dolby Digital</subfield>
            <subfield code="2">rda</subfield>
        </datafield>
        <datafield tag="346" ind1=" " ind2=" ">
            <subfield code="b">NTSC</subfield>
            <subfield code="2">rda</subfield>
        </datafield>
        <datafield tag="347" ind1=" " ind2=" ">
            <subfield code="a">video file</subfield>
            <subfield code="e">region 1</subfield>
            <subfield code="2">rda</subfield>
        </datafield>
        <datafield tag="347" ind1=" " ind2=" ">
            <subfield code="b">DVD video</subfield>
        </datafield>
        <datafield tag="380" ind1=" " ind2=" ">
            <subfield code="a">Motion pictures</subfield>
            <subfield code="2">lcgft</subfield>
        </datafield>
        <datafield tag="490" ind1="0" ind2=" ">
            <subfield code="a">Disney DVD</subfield>
        </datafield>
        <datafield tag="500" ind1=" " ind2=" ">
            <subfield code="a">Based on the novel by Ray Bradbury.</subfield>
        </datafield>
        <datafield tag="500" ind1=" " ind2=" ">
            <subfield code="a">Full screen (1.33:1) or wide screen (1.85:1).</subfield>
        </datafield>
        <datafield tag="500" ind1=" " ind2=" ">
            <subfield code="a">Originally released as a motion picture in 1983.</subfield>
        </datafield>
        <datafield tag="500" ind1=" " ind2=" ">
            <subfield code="a">Sources used: videodisc container; Internet movie database WWW site, August 19, 2022.</subfield>
        </datafield>
        <datafield tag="500" ind1=" " ind2=" ">
            <subfield code="a">Special features: Original theatrical trailer.</subfield>
        </datafield>
        <datafield tag="500" ind1=" " ind2=" ">
            <subfield code="a">Title from container.</subfield>
        </datafield>
        <datafield tag="508" ind1=" " ind2=" ">
            <subfield code="a">Director of photography, Stephen H. Burum ; editor, Argyle Nelson ; music, James Horner.</subfield>
        </datafield>
        <datafield tag="511" ind1="1" ind2=" ">
            <subfield code="a">Jason Robards, Jonathan Pryce, Diane Ladd, Royal Dano, Pam Grier, Vidal Peterson, Shawn Carson, Ellen Geer.</subfield>
        </datafield>
        <datafield tag="520" ind1=" " ind2=" ">
            <subfield code="a">Terrible things happen when Mr. Dark and his Pandemonium Carnival come to town.</subfield>
        </datafield>
        <datafield tag="532" ind1="1" ind2=" ">
            <subfield code="a">Optional English subtitles for the hearing-impaired.</subfield>
        </datafield>
        <datafield tag="546" ind1=" " ind2=" ">
            <subfield code="a">English, dubbed French and dubbed Spanish soundtracks with optional French subtitles. Optional English subtitles for the hearing-impaired.</subfield>
        </datafield>
        <datafield tag="700" ind1="1" ind2=" ">
            <subfield code="a">Bradbury, Ray,</subfield>
            <subfield code="d">1920-2012,</subfield>
            <subfield code="e">screenwriter.</subfield>
        </datafield>
        <datafield tag="700" ind1="1" ind2=" ">
            <subfield code="a">Bradbury, Ray,</subfield>
            <subfield code="d">1920-2012.</subfield>
            <subfield code="t">Something wicked this way comes.</subfield>
        </datafield>
        <datafield tag="700" ind1="1" ind2=" ">
            <subfield code="a">Clayton, Jack,</subfield>
            <subfield code="d">1921-1995,</subfield>
            <subfield code="e">film director.</subfield>
        </datafield>
        <datafield tag="700" ind1="1" ind2=" ">
            <subfield code="a">Douglas, Peter,</subfield>
            <subfield code="d">1955-</subfield>
            <subfield code="e">film producer.</subfield>
        </datafield>
        <datafield tag="700" ind1="1" ind2=" ">
            <subfield code="a">Geer, Ellen,</subfield>
            <subfield code="e">actor.</subfield>
        </datafield>
        <datafield tag="700" ind1="1" ind2=" ">
            <subfield code="a">Grier, Pam,</subfield>
            <subfield code="d">1949-</subfield>
            <subfield code="e">actor.</subfield>
        </datafield>
        <datafield tag="700" ind1="1" ind2=" ">
            <subfield code="a">Ladd, Diane,</subfield>
            <subfield code="e">actor.</subfield>
        </datafield>
        <datafield tag="700" ind1="1" ind2=" ">
            <subfield code="a">Pryce, Jonathan,</subfield>
            <subfield code="e">actor.</subfield>
        </datafield>
        <datafield tag="700" ind1="1" ind2=" ">
            <subfield code="a">Robards, Jason,</subfield>
            <subfield code="e">actor.</subfield>
        </datafield>
        <datafield tag="710" ind1="2" ind2=" ">
            <subfield code="a">Bryna Productions,</subfield>
            <subfield code="e">production company.</subfield>
        </datafield>
        <datafield tag="710" ind1="2" ind2=" ">
            <subfield code="a">Buena Vista Home Entertainment (Firm),</subfield>
            <subfield code="e">publisher.</subfield>
        </datafield>
        <datafield tag="710" ind1="2" ind2=" ">
            <subfield code="a">Walt Disney Pictures,</subfield>
            <subfield code="e">production company.</subfield>
        </datafield>
        <datafield tag="773" ind1="0" ind2=" ">
            <subfield code="t">Roger Blunck Collection (Library of Congress)</subfield>
        </datafield>
    </record>