
    <record>
        <leader>03486cas a2200781 i 4500</leader>
        <controlfield tag="001">11415107</controlfield>
        <controlfield tag="005">20211226065659.0</controlfield>
        <controlfield tag="008">930727d19361955nyubr p       0    0eng  </controlfield>
        <datafield tag="010" ind1=" " ind2=" ">
            <subfield code="a">sf 93093808 </subfield>
        </datafield>
        <datafield tag="245" ind1="0" ind2="0">
            <subfield code="a">Thrilling Wonder Stories.</subfield>
        </datafield>
        <datafield tag="264" ind1=" " ind2="1">
            <subfield code="3">August, 1936-June, 1937 :</subfield>
            <subfield code="a">New York, N.Y. :</subfield>
            <subfield code="b">Beacon Magazines</subfield>
        </datafield>
        <datafield tag="264" ind1="2" ind2="1">
            <subfield code="3">August, 1937-1943 :</subfield>
            <subfield code="a">New York, N.Y. :</subfield>
            <subfield code="b">Better Publications, Inc.</subfield>
        </datafield>
        <datafield tag="264" ind1="3" ind2="1">
            <subfield code="3">Fall 1943- winter 1955 :</subfield>
            <subfield code="a">New York, N.Y. :</subfield>
            <subfield code="b">Standard Magazines, Inc.</subfield>
        </datafield>
        <datafield tag="300" ind1=" " ind2=" ">
            <subfield code="a">44 volumes ;</subfield>
            <subfield code="c">25 cm</subfield>
        </datafield>
        <datafield tag="336" ind1=" " ind2=" ">
            <subfield code="a">text</subfield>
            <subfield code="0">http://rdaregistry.info/termList/RDAContentType/1020</subfield>
        </datafield>
        <datafield tag="337" ind1=" " ind2=" ">
            <subfield code="a">unmediated</subfield>
            <subfield code="0">http://rdaregistry.info/termList/RDAMediaType/1007</subfield>
        </datafield>
        <datafield tag="338" ind1=" " ind2=" ">
            <subfield code="a">volume</subfield>
            <subfield code="0">http://rdaregistry.info/termList/RDACarrierType/1049</subfield>
        </datafield>
        <datafield tag="380" ind1=" " ind2=" ">
            <subfield code="a">Language-based work</subfield>
            <subfield code="0">https://schema.nb.no/Bibliographic/Values/V1000</subfield>
        </datafield>
        <datafield tag="310" ind1=" " ind2=" ">
            <subfield code="a">Bimonthly,</subfield>
            <subfield code="b">Dec. 1946-</subfield>
        </datafield>
        <datafield tag="321" ind1=" " ind2=" ">
            <subfield code="a">Frequency varies,</subfield>
            <subfield code="b">&lt;Aug. 1936&gt;-winter 1946</subfield>
        </datafield>
        <datafield tag="336" ind1=" " ind2=" ">
            <subfield code="a">text</subfield>
            <subfield code="b">txt</subfield>
            <subfield code="2">rdacontent</subfield>
            <subfield code="0">http://rdaregistry.info/termList/RDAContentType/1020</subfield>
        </datafield>
        <datafield tag="337" ind1=" " ind2=" ">
            <subfield code="a">unmediated</subfield>
            <subfield code="b">n</subfield>
            <subfield code="2">rdamedia</subfield>
            <subfield code="0">http://rdaregistry.info/termList/RDAMediaType/1007</subfield>
        </datafield>
        <datafield tag="338" ind1=" " ind2=" ">
            <subfield code="a">volume</subfield>
            <subfield code="b">nc</subfield>
            <subfield code="2">rdacarrier</subfield>
            <subfield code="0">http://rdaregistry.info/termList/RDACarrierType/1049</subfield>
        </datafield>
        <datafield tag="362" ind1="1" ind2=" ">
            <subfield code="a">Began with vol. 8, no. 1 (August 1936); ceased with vol. 44, no. 3 (winter 1955).</subfield>
        </datafield>
        <datafield tag="500" ind1=" " ind2=" ">
            <subfield code="a">Advertisements printed throughout.</subfield>
        </datafield>
        <datafield tag="588" ind1=" " ind2=" ">
            <subfield code="a">Description based on: Vol. 8, no. 1 (August 1936); title from cover.</subfield>
        </datafield>
        <datafield tag="588" ind1=" " ind2=" ">
            <subfield code="a">Latest issue consulted: Vol. 44, no. 3 (winter 1955).</subfield>
        </datafield>
        <datafield tag="700" ind1="1" ind2=" ">
            <subfield code="a">Barnes, Arthur K.,</subfield>
            <subfield code="d">1909-1969,</subfield>
            <subfield code="e">author.</subfield>
        </datafield>
        <datafield tag="700" ind1="1" ind2=" ">
            <subfield code="a">Bergey, Earle K.,</subfield>
            <subfield code="e">artist.</subfield>
        </datafield>
        <datafield tag="700" ind1="1" ind2=" ">
            <subfield code="a">Bester, Alfred,</subfield>
            <subfield code="e">author.</subfield>
        </datafield>
        <datafield tag="700" ind1="1" ind2=" ">
            <subfield code="a">Binder, Eando,</subfield>
            <subfield code="e">author.</subfield>
        </datafield>
        <datafield tag="700" ind1="1" ind2=" ">
            <subfield code="a">Blish, James,</subfield>
            <subfield code="e">author.</subfield>
        </datafield>
        <datafield tag="700" ind1="1" ind2=" ">
            <subfield code="a">Brackett, Leigh,</subfield>
            <subfield code="e">author.</subfield>
        </datafield>
        <datafield tag="700" ind1="1" ind2=" ">
            <subfield code="a">Bradbury, Ray,</subfield>
            <subfield code="d">1920-2012,</subfield>
            <subfield code="e">author.</subfield>
        </datafield>
        <datafield tag="700" ind1="1" ind2=" ">
            <subfield code="a">Brown, Howard V.,</subfield>
            <subfield code="d">1878-1945,</subfield>
            <subfield code="e">artist.</subfield>
        </datafield>
        <datafield tag="700" ind1="1" ind2=" ">
            <subfield code="a">Campbell, John W.,</subfield>
            <subfield code="c">Jr.</subfield>
            <subfield code="q">(John Wood),</subfield>
            <subfield code="d">1910-1971,</subfield>
            <subfield code="e">author.</subfield>
        </datafield>
        <datafield tag="700" ind1="1" ind2=" ">
            <subfield code="a">Cummings, Ray,</subfield>
            <subfield code="e">author.</subfield>
        </datafield>
        <datafield tag="700" ind1="1" ind2=" ">
            <subfield code="a">Ernst, Paul,</subfield>
            <subfield code="d">1899-1985,</subfield>
            <subfield code="e">author.</subfield>
        </datafield>
        <datafield tag="700" ind1="1" ind2=" ">
            <subfield code="a">Friend, Oscar J.</subfield>
            <subfield code="q">(Oscar Jerome),</subfield>
            <subfield code="d">1897-1963,</subfield>
            <subfield code="e">editor.</subfield>
        </datafield>
        <datafield tag="700" ind1="1" ind2=" ">
            <subfield code="a">Kummer, Frederic Arnold,</subfield>
            <subfield code="d">1873-1943,</subfield>
            <subfield code="e">author.</subfield>
        </datafield>
        <datafield tag="700" ind1="1" ind2=" ">
            <subfield code="a">Kuttner, Henry,</subfield>
            <subfield code="e">author.</subfield>
        </datafield>
        <datafield tag="700" ind1="1" ind2=" ">
            <subfield code="a">Leinster, Murray,</subfield>
            <subfield code="d">1896-1975,</subfield>
            <subfield code="e">author.</subfield>
        </datafield>
        <datafield tag="700" ind1="1" ind2=" ">
            <subfield code="a">Margulies, Leo,</subfield>
            <subfield code="d">1900-1975,</subfield>
            <subfield code="e">editor.</subfield>
        </datafield>
        <datafield tag="700" ind1="1" ind2=" ">
            <subfield code="a">Merwin, Sam,</subfield>
            <subfield code="c">Jr.,</subfield>
            <subfield code="d">1910-1996,</subfield>
            <subfield code="e">editor.</subfield>
        </datafield>
        <datafield tag="700" ind1="1" ind2=" ">
            <subfield code="a">Mines, Samuel,</subfield>
            <subfield code="e">editor.</subfield>
        </datafield>
        <datafield tag="700" ind1="1" ind2=" ">
            <subfield code="a">Samalman, Alexander,</subfield>
            <subfield code="d">1904-1956,</subfield>
            <subfield code="e">editor.</subfield>
        </datafield>
        <datafield tag="700" ind1="1" ind2=" ">
            <subfield code="a">Van Vogt, A. E.</subfield>
            <subfield code="q">(Alfred Elton),</subfield>
            <subfield code="d">1912-2000,</subfield>
            <subfield code="e">author.</subfield>
        </datafield>
        <datafield tag="700" ind1="1" ind2=" ">
            <subfield code="a">Weisinger, Mort,</subfield>
            <subfield code="d">1915-1978,</subfield>
            <subfield code="e">editor.</subfield>
        </datafield>
        <datafield tag="700" ind1="1" ind2=" ">
            <subfield code="a">Zagat, Arthur Leo,</subfield>
            <subfield code="d">1896-1949,</subfield>
            <subfield code="e">author.</subfield>
        </datafield>
        <datafield tag="710" ind1="2" ind2=" ">
            <subfield code="a">Better Publications Inc.,</subfield>
            <subfield code="e">publisher.</subfield>
        </datafield>
        <datafield tag="780" ind1="0" ind2="0">
            <subfield code="t">Wonder Stories</subfield>
            <subfield code="w">(DLC)sf 93093854</subfield>
            <subfield code="w">(OCoLC)15254248</subfield>
        </datafield>
        <datafield tag="785" ind1="0" ind2="4">
            <subfield code="t">Startling Stories</subfield>
            <subfield code="g">spring 1955</subfield>
            <subfield code="w">(DLC)sf 93092158</subfield>
            <subfield code="w">(OCoLC)4941813</subfield>
        </datafield>
        <datafield tag="850" ind1=" " ind2=" ">
            <subfield code="a">DLC</subfield>
        </datafield>
    </record>