
    <record>
        <leader>02521cam a2200385 i 4500</leader>
        <controlfield tag="001">10252631</controlfield>
        <controlfield tag="005">20230202152046.0</controlfield>
        <controlfield tag="008">751203s1952    nyu           001 1 eng  </controlfield>
        <datafield tag="010" ind1=" " ind2=" ">
            <subfield code="a">   52064152 </subfield>
        </datafield>
        <datafield tag="051" ind1=" " ind2=" ">
            <subfield code="a">PN6071.F25</subfield>
            <subfield code="b">T73 1952 Copy 1</subfield>
            <subfield code="c">Inscribed by Ray Bradbury to Stathis Orphanos, and signed by Christopher Isherwood on page 194 at his story "I am waiting."</subfield>
        </datafield>
        <datafield tag="245" ind1="0" ind2="0">
            <subfield code="a">Timeless stories for today and tomorrow /</subfield>
            <subfield code="c">edited by Ray Bradbury.</subfield>
        </datafield>
        <datafield tag="250" ind1=" " ind2=" ">
            <subfield code="a">First edition.</subfield>
        </datafield>
        <datafield tag="264" ind1=" " ind2="1">
            <subfield code="a">New York :</subfield>
            <subfield code="b">Bantam Books,</subfield>
            <subfield code="c">1952.</subfield>
        </datafield>
        <datafield tag="300" ind1=" " ind2=" ">
            <subfield code="a">xiv, 304 pages ;</subfield>
            <subfield code="c">16 cm.</subfield>
        </datafield>
        <datafield tag="336" ind1=" " ind2=" ">
            <subfield code="a">text</subfield>
            <subfield code="0">http://rdaregistry.info/termList/RDAContentType/1020</subfield>
        </datafield>
        <datafield tag="337" ind1=" " ind2=" ">
            <subfield code="a">unmediated</subfield>
            <subfield code="b">n</subfield>
            <subfield code="2">rdamedia</subfield>
            <subfield code="0">http://rdaregistry.info/termList/RDAMediaType/1007</subfield>
        </datafield>
        <datafield tag="338" ind1=" " ind2=" ">
            <subfield code="a">volume</subfield>
            <subfield code="0">http://rdaregistry.info/termList/RDACarrierType/1049</subfield>
            <subfield code="2">rdacarrier</subfield>
        </datafield>
        <datafield tag="380" ind1=" " ind2=" ">
            <subfield code="a">Language-based work</subfield>
            <subfield code="0">https://schema.nb.no/Bibliographic/Values/V1000</subfield>
        </datafield>
        <datafield tag="336" ind1=" " ind2=" ">
            <subfield code="a">text</subfield>
            <subfield code="b">txt</subfield>
            <subfield code="2">rdacontent</subfield>
            <subfield code="0">http://rdaregistry.info/termList/RDAContentType/1020</subfield>
        </datafield>
        <datafield tag="337" ind1=" " ind2=" ">
            <subfield code="a">unmediated</subfield>
            <subfield code="b">n</subfield>
            <subfield code="2">rdamedia</subfield>
            <subfield code="0">http://rdaregistry.info/termList/RDAMediaType/1007</subfield>
        </datafield>
        <datafield tag="338" ind1=" " ind2=" ">
            <subfield code="a">volume</subfield>
            <subfield code="b">nc</subfield>
            <subfield code="2">rdacarrier</subfield>
            <subfield code="0">http://rdaregistry.info/termList/RDACarrierType/1049</subfield>
        </datafield>
        <datafield tag="490" ind1="0" ind2=" ">
            <subfield code="a">A Bantam giant ;</subfield>
            <subfield code="v">A944</subfield>
        </datafield>
        <datafield tag="500" ind1=" " ind2=" ">
            <subfield code="a">Includes indexes.</subfield>
        </datafield>
        <datafield tag="505" ind1="0" ind2=" ">
            <subfield code="a">The hour after westerly / Robert M. Coates -- Housing problem / Henry Kuttner -- The portable phonograph / Walter Van Tilburg Clark -- None before me / Sidney Carroll -- Putzi / Ludwig Bemelmans -- The demon lover / Shirley Jackson -- Miss Winters and the wind / Christine Noble Govan -- Mr. Death and the redheaded woman (the rider on the pale horse) / Helen Eustis -- Jeremy in the wind / Nigel Kneale -- The glass eye / John Keir Cross -- Saint Katy the virgin / John Steinbeck -- Night Flight / Josephine W. Johnson -- The cocoon / John B.L. Goodwin -- The hand / Wessel Hyatt Smitter -- The sound machine / Roald Dahl -- The Laocoön Complex / J.C. Furnas -- I am waiting / Christopher Isherwood -- The witnesses / William Sansom -- The enormous radio / John Cheever -- Heartburn / Hortense Calisher -- The supremacy of Uruguay / E.B. White -- The pedestrian / Ray Bradbury -- A note for the milkman / Sidney Carroll -- The eight mistresses / Jean Hrolda -- In the penal colony / Franz Kafka -- Inflexible logic / Russell Maloney.</subfield>
        </datafield>
        <datafield tag="700" ind1="1" ind2=" ">
            <subfield code="a">Bradbury, Ray,</subfield>
            <subfield code="d">1920-2012,</subfield>
            <subfield code="e">editor.</subfield>
        </datafield>
        <datafield tag="700" ind1="1" ind2=" ">
            <subfield code="a">Bradbury, Ray,</subfield>
            <subfield code="d">1920-2012,</subfield>
            <subfield code="e">inscriber.</subfield>
            <subfield code="5">DLC</subfield>
        </datafield>
        <datafield tag="700" ind1="1" ind2=" ">
            <subfield code="a">Isherwood, Christopher,</subfield>
            <subfield code="d">1904-1986,</subfield>
            <subfield code="e">signer.</subfield>
            <subfield code="5">DLC</subfield>
        </datafield>
        <datafield tag="700" ind1="1" ind2="2">
            <subfield code="i">Container of (work):</subfield>
            <subfield code="a">Isherwood, Christopher,</subfield>
            <subfield code="d">1904-1986.</subfield>
            <subfield code="t">I am waiting.</subfield>
        </datafield>
        <datafield tag="710" ind1="2" ind2=" ">
            <subfield code="a">Stathis Orphanos Christopher Isherwood Collection (Library of Congress)</subfield>
            <subfield code="5">DLC</subfield>
        </datafield>
    </record>