
    <record>
        <leader>01944cam a22003493a 4500</leader>
        <controlfield tag="001">16929766</controlfield>
        <controlfield tag="005">20211104162017.0</controlfield>
        <controlfield tag="008">110820r19931990nyu           000 1 eng d</controlfield>
        <datafield tag="010" ind1=" " ind2=" ">
            <subfield code="a">  2011489177</subfield>
        </datafield>
        <datafield tag="020" ind1=" " ind2=" ">
            <subfield code="a">0886775485 (pbk.)</subfield>
        </datafield>
        <datafield tag="020" ind1=" " ind2=" ">
            <subfield code="a">9780886775483 (pbk.)</subfield>
        </datafield>
        <datafield tag="245" ind1="0" ind2="0">
            <subfield code="a">Urban horrors /</subfield>
            <subfield code="c">edited by William F. Nolan and Martin H. Greenberg.</subfield>
        </datafield>
        <datafield tag="260" ind1=" " ind2=" ">
            <subfield code="a">New York, N.Y. :</subfield>
            <subfield code="b">DAW Books,</subfield>
            <subfield code="c">[1993], c1990.</subfield>
        </datafield>
        <datafield tag="300" ind1=" " ind2=" ">
            <subfield code="a">338 p. ;</subfield>
            <subfield code="c">18 cm.</subfield>
        </datafield>
        <datafield tag="336" ind1=" " ind2=" ">
            <subfield code="a">text</subfield>
            <subfield code="0">http://rdaregistry.info/termList/RDAContentType/1020</subfield>
        </datafield>
        <datafield tag="337" ind1=" " ind2=" ">
            <subfield code="a">unmediated</subfield>
            <subfield code="0">http://rdaregistry.info/termList/RDAMediaType/1007</subfield>
        </datafield>
        <datafield tag="338" ind1=" " ind2=" ">
            <subfield code="a">volume</subfield>
            <subfield code="0">http://rdaregistry.info/termList/RDACarrierType/1049</subfield>
            <subfield code="2">rdacarrier</subfield>
        </datafield>
        <datafield tag="380" ind1=" " ind2=" ">
            <subfield code="a">Language-based work</subfield>
            <subfield code="0">https://schema.nb.no/Bibliographic/Values/V1000</subfield>
        </datafield>
        <datafield tag="490" ind1="0" ind2=" ">
            <subfield code="a">DAW book collectors ;</subfield>
            <subfield code="v">911</subfield>
        </datafield>
        <datafield tag="490" ind1="0" ind2=" ">
            <subfield code="a">DAW horror</subfield>
        </datafield>
        <datafield tag="500" ind1=" " ind2=" ">
            <subfield code="a">"Stories by Ray Bradbury, Richard Matheson, Shirley Jackson, John Cheever and 14 other masters of the macabre"--Cover.</subfield>
        </datafield>
        <datafield tag="505" ind1="0" ind2=" ">
            <subfield code="a">Smoke ghost / Fritz Leiber -- A careful man dies / Ray Bradbury -- The tooth / Shirley Jackson -- Torch song / John Cheever -- Prey / Richard Matheson -- The father-thing / Philip K. Dick -- The jungle / Charles Beaumont -- The tunnel ahead / Alice Glaser -- Did you ever sit on red blood? / Joyce Carol Oates -- The chimney / Ramsey Campbell -- The wine of life / Ray Russell -- The pool / William F. Nolan -- Talking in the dark / Dennis Etchison -- The litter / James Kisner -- New York night / John Maclay -- Hell / Richard Christian Matheson -- The shaggy house / Joe R. Lansdale -- The book of Webster's / J.N. Williamson.</subfield>
        </datafield>
        <datafield tag="700" ind1="1" ind2=" ">
            <subfield code="a">Bradbury, Ray,</subfield>
            <subfield code="d">1920-2012.</subfield>
        </datafield>
        <datafield tag="700" ind1="1" ind2=" ">
            <subfield code="a">Greenberg, Martin Harry.</subfield>
        </datafield>
        <datafield tag="700" ind1="1" ind2=" ">
            <subfield code="a">Nolan, William F.,</subfield>
            <subfield code="d">1928-2021.</subfield>
        </datafield>
        <datafield tag="710" ind1="2" ind2=" ">
            <subfield code="a">Copyright Paperback Collection (Library of Congress)</subfield>
            <subfield code="5">DLC</subfield>
        </datafield>
    </record>