
    <record>
        <leader>01069cim a2200277u  4500</leader>
        <controlfield tag="001">7628635</controlfield>
        <controlfield tag="005">20120606120430.0</controlfield>
        <controlfield tag="008">860714 1973    cau                      </controlfield>
        <datafield tag="010" ind1=" " ind2=" ">
            <subfield code="a">   76741139 </subfield>
        </datafield>
        <datafield tag="245" ind1="0" ind2="5">
            <subfield code="a">[The Veldt] [Sound recording]</subfield>
        </datafield>
        <datafield tag="260" ind1=" " ind2=" ">
            <subfield code="a">[n.p.]</subfield>
            <subfield code="b">American Forces Radio and Television Service RU 48-3, 5B</subfield>
            <subfield code="c">[1973]</subfield>
        </datafield>
        <datafield tag="300" ind1=" " ind2=" ">
            <subfield code="a">p. on side 2 of 1 disc. 33 1/3 rpm. mono. 12 in.</subfield>
        </datafield>
        <datafield tag="300" ind1=" " ind2=" ">
            <subfield code="a">on side 2 of 1 disc. 33 1/3 rpm. mono.</subfield>
            <subfield code="c">12 in.</subfield>
        </datafield>
        <datafield tag="336" ind1=" " ind2=" ">
            <subfield code="a">spoken word</subfield>
            <subfield code="0">http://rdaregistry.info/termList/RDAContentType/1013</subfield>
        </datafield>
        <datafield tag="337" ind1=" " ind2=" ">
            <subfield code="a">audio</subfield>
            <subfield code="0">http://rdaregistry.info/termList/RDAMediaType/1001</subfield>
        </datafield>
        <datafield tag="338" ind1=" " ind2=" ">
            <subfield code="a">audio disc</subfield>
            <subfield code="0">http://rdaregistry.info/termList/RDACarrierType/1004</subfield>
        </datafield>
        <datafield tag="380" ind1=" " ind2=" ">
            <subfield code="a">Language-based work</subfield>
            <subfield code="0">https://schema.nb.no/Bibliographic/Values/V1000</subfield>
        </datafield>
        <datafield tag="500" ind1=" " ind2=" ">
            <subfield code="a">Duration: 25 min.</subfield>
        </datafield>
        <datafield tag="500" ind1=" " ind2=" ">
            <subfield code="a">Mystery theater, 136.</subfield>
        </datafield>
        <datafield tag="500" ind1=" " ind2=" ">
            <subfield code="a">Radio drama.</subfield>
        </datafield>
        <datafield tag="500" ind1=" " ind2=" ">
            <subfield code="a">Recorded from a broadcast of the NBC program X-minus one.</subfield>
        </datafield>
        <datafield tag="500" ind1=" " ind2=" ">
            <subfield code="a">Recordings made for the use of the American Armed Forces only.</subfield>
        </datafield>
        <datafield tag="500" ind1=" " ind2=" ">
            <subfield code="a">SUMMARY: An adaption for radio of Ray Bradbury's short story of the same title.</subfield>
        </datafield>
        <datafield tag="500" ind1=" " ind2=" ">
            <subfield code="a">With: Ira Cook, 3221 F.</subfield>
        </datafield>
        <datafield tag="700" ind1="1" ind2=" ">
            <subfield code="a">Bradbury, Ray,</subfield>
            <subfield code="d">1920-2012.</subfield>
            <subfield code="t">Veldt.</subfield>
        </datafield>
        <datafield tag="730" ind1="0" ind2=" ">
            <subfield code="a">X-minus one. [from old catalog]</subfield>
        </datafield>
        <datafield tag="830" ind1=" " ind2="0">
            <subfield code="a">Mystery theater. [Sound recording]</subfield>
            <subfield code="v">136. [from old catalog]</subfield>
        </datafield>
    </record>