
    <record>
        <leader>02819cam a2200577 i 4500</leader>
        <controlfield tag="001">20549079</controlfield>
        <controlfield tag="005">20180619173852.0</controlfield>
        <controlfield tag="008">180619m20159999orua     6    000 1 eng d</controlfield>
        <datafield tag="010" ind1=" " ind2=" ">
            <subfield code="a">  2016427587</subfield>
        </datafield>
        <datafield tag="020" ind1=" " ind2=" ">
            <subfield code="a">1616556587</subfield>
            <subfield code="q">(volume 4)</subfield>
        </datafield>
        <datafield tag="020" ind1=" " ind2=" ">
            <subfield code="a">1616558245</subfield>
            <subfield code="q">(volume 1)</subfield>
        </datafield>
        <datafield tag="020" ind1=" " ind2=" ">
            <subfield code="a">9781616556587</subfield>
            <subfield code="q">(volume 4)</subfield>
        </datafield>
        <datafield tag="020" ind1=" " ind2=" ">
            <subfield code="a">9781616558246</subfield>
            <subfield code="q">(volume 1)</subfield>
        </datafield>
        <datafield tag="082" ind1="0" ind2="0">
            <subfield code="a">741.5/973</subfield>
            <subfield code="2">23</subfield>
        </datafield>
        <datafield tag="245" ind1="0" ind2="0">
            <subfield code="a">Weird science.</subfield>
        </datafield>
        <datafield tag="250" ind1=" " ind2=" ">
            <subfield code="a">First edition.</subfield>
        </datafield>
        <datafield tag="264" ind1=" " ind2="1">
            <subfield code="a">Milwaukie, OR :</subfield>
            <subfield code="b">Dark Horse Comics,</subfield>
            <subfield code="c">2015-</subfield>
        </datafield>
        <datafield tag="300" ind1=" " ind2=" ">
            <subfield code="a">volumes :</subfield>
            <subfield code="b">color illustrations ;</subfield>
            <subfield code="c">29 cm.</subfield>
        </datafield>
        <datafield tag="336" ind1=" " ind2=" ">
            <subfield code="a">still image</subfield>
            <subfield code="b">sti</subfield>
            <subfield code="2">rdacontent</subfield>
        </datafield>
        <datafield tag="336" ind1=" " ind2=" ">
            <subfield code="a">text</subfield>
            <subfield code="b">txt</subfield>
            <subfield code="2">rdacontent</subfield>
            <subfield code="0">http://rdaregistry.info/termList/RDAContentType/1020</subfield>
        </datafield>
        <datafield tag="337" ind1=" " ind2=" ">
            <subfield code="a">unmediated</subfield>
            <subfield code="b">n</subfield>
            <subfield code="2">rdamedia</subfield>
            <subfield code="0">http://rdaregistry.info/termList/RDAMediaType/1007</subfield>
        </datafield>
        <datafield tag="338" ind1=" " ind2=" ">
            <subfield code="a">volume</subfield>
            <subfield code="b">nc</subfield>
            <subfield code="2">rdacarrier</subfield>
            <subfield code="0">http://rdaregistry.info/termList/RDACarrierType/1049</subfield>
        </datafield>
        <datafield tag="490" ind1="1" ind2=" ">
            <subfield code="a">EC archives</subfield>
        </datafield>
        <datafield tag="500" ind1=" " ind2=" ">
            <subfield code="a">"Fantasy"--Cover.</subfield>
        </datafield>
        <datafield tag="500" ind1=" " ind2=" ">
            <subfield code="a">Volume 1. "This volume collects Weird Science #12-#15 and #5-#6, originally published between May 1950 and April 1951 by I. C. Publishing Co, Inc."--Title page verso.</subfield>
        </datafield>
        <datafield tag="500" ind1=" " ind2=" ">
            <subfield code="a">Volume 4. "This volume collects Weird Science #19-#22 and and Weird Science-Fantasy #23-#24, originally published between May 1953 and June 1954 by I. C. Publishing Co, Inc."--Title page verso.</subfield>
        </datafield>
        <datafield tag="505" ind1="1" ind2=" ">
            <subfield code="a">Volume 1. Weird Science issues 12-15 and 5-6 / writer: Al Feldstein, Gardner Fox [and others] ; artist: Al Feldstein, Harvey Kurtzman [and others] ; foreword by George Lucas -- Volume 4. Weird Science issues 19-22 and Weird Science-Fantasy issues 23-24 / writer: Al Feldstein, Ray Bradbury [and others] ; artist: Wally Wood, Al Williamson, Frank Frazetta [and others] ; foreword by Paul Tobin.</subfield>
        </datafield>
        <datafield tag="700" ind1="1" ind2=" ">
            <subfield code="a">Bradbury, Ray,</subfield>
            <subfield code="d">1920-2012,</subfield>
            <subfield code="e">writer.</subfield>
        </datafield>
        <datafield tag="700" ind1="1" ind2=" ">
            <subfield code="a">Feldstein, Albert L.,</subfield>
            <subfield code="d">1949-</subfield>
            <subfield code="e">writer,</subfield>
            <subfield code="e">artist.</subfield>
        </datafield>
        <datafield tag="700" ind1="1" ind2=" ">
            <subfield code="a">Fox, Gardner F.</subfield>
            <subfield code="q">(Gardner Francis),</subfield>
            <subfield code="d">1911-1986,</subfield>
            <subfield code="e">writer.</subfield>
        </datafield>
        <datafield tag="700" ind1="1" ind2=" ">
            <subfield code="a">Frazetta, Frank,</subfield>
            <subfield code="e">artist.</subfield>
        </datafield>
        <datafield tag="700" ind1="1" ind2=" ">
            <subfield code="a">Kurtzman, Harvey,</subfield>
            <subfield code="e">artist.</subfield>
        </datafield>
        <datafield tag="700" ind1="1" ind2=" ">
            <subfield code="a">Lucas, George,</subfield>
            <subfield code="d">1944-</subfield>
            <subfield code="e">writer of foreword.</subfield>
        </datafield>
        <datafield tag="700" ind1="1" ind2=" ">
            <subfield code="a">Tobin, Paul,</subfield>
            <subfield code="d">1965-</subfield>
            <subfield code="e">writer of foreword.</subfield>
        </datafield>
        <datafield tag="700" ind1="1" ind2=" ">
            <subfield code="a">Williamson, Al,</subfield>
            <subfield code="d">1931-2010,</subfield>
            <subfield code="e">artist.</subfield>
        </datafield>
        <datafield tag="700" ind1="1" ind2=" ">
            <subfield code="a">Wood, Wallace,</subfield>
            <subfield code="e">artist.</subfield>
        </datafield>
        <datafield tag="730" ind1="0" ind2=" ">
            <subfield code="a">Weird science-fantasy (New York, N.Y.)</subfield>
        </datafield>
        <datafield tag="830" ind1=" " ind2="0">
            <subfield code="a">EC archives (Milwaukie, Or.)</subfield>
        </datafield>
    </record>