
    <record>
        <leader>02154nam a22003135i 4500</leader>
        <controlfield tag="001">21179477</controlfield>
        <controlfield tag="005">20190830125800.0</controlfield>
        <controlfield tag="008">190830s2020    nyu           000 0 eng  </controlfield>
        <datafield tag="010" ind1=" " ind2=" ">
            <subfield code="a">  2019949389</subfield>
        </datafield>
        <datafield tag="020" ind1=" " ind2=" ">
            <subfield code="a">9780795352799</subfield>
            <subfield code="q">(hardcover)</subfield>
        </datafield>
        <datafield tag="020" ind1=" " ind2=" ">
            <subfield code="a">9780795352805</subfield>
        </datafield>
        <datafield tag="100" ind1="1" ind2=" ">
            <subfield code="a">Bradbury, Ray,</subfield>
            <subfield code="d">1920-2012.</subfield>
            <subfield code="1">http://viaf.org/viaf/12305881</subfield>
            <subfield code="4">http://rdaregistry.info/Elements/w/object/P10061</subfield>
        </datafield>
        <datafield tag="245" ind1="1" ind2="0">
            <subfield code="a">All of me is illustrated /</subfield>
            <subfield code="c">Ray Bradbury, Anna Felicity Friedman, Sami Hajar, Peter Roessler, Lawrence Schiller.</subfield>
        </datafield>
        <datafield tag="263" ind1=" " ind2=" ">
            <subfield code="a">2004</subfield>
        </datafield>
        <datafield tag="264" ind1=" " ind2="1">
            <subfield code="a">New York :</subfield>
            <subfield code="b">RosettaBooks,</subfield>
            <subfield code="c">2020.</subfield>
        </datafield>
        <datafield tag="300" ind1=" " ind2=" ">
            <subfield code="a">pages cm</subfield>
        </datafield>
        <datafield tag="336" ind1=" " ind2=" ">
            <subfield code="a">text</subfield>
            <subfield code="b">txt</subfield>
            <subfield code="2">rdacontent</subfield>
            <subfield code="0">http://rdaregistry.info/termList/RDAContentType/1020</subfield>
        </datafield>
        <datafield tag="337" ind1=" " ind2=" ">
            <subfield code="a">unmediated</subfield>
            <subfield code="b">n</subfield>
            <subfield code="2">rdamedia</subfield>
            <subfield code="0">http://rdaregistry.info/termList/RDAMediaType/1007</subfield>
        </datafield>
        <datafield tag="338" ind1=" " ind2=" ">
            <subfield code="a">volume</subfield>
            <subfield code="b">nc</subfield>
            <subfield code="2">rdacarrier</subfield>
            <subfield code="0">http://rdaregistry.info/termList/RDACarrierType/1049</subfield>
        </datafield>
        <datafield tag="520" ind1=" " ind2=" ">
            <subfield code="a">"For the first time, today's top tattoo artists and over 50 collectors, with their works of art, have been united with the distinguished short stories of Ray Bradbury's The Illustrated Man and The Illustrated Woman resulting in a must-have book for all. Ray Bradbury (1920-2012) is considered one of the most celebrated writers of our times. His The Illustrated Man and The Illustrated Woman were the first stories that brought to readers throughout the world the lives and loves of those who have covered their bodies with the works of tattoo artists. His other seminal novels include Fahrenheit 451 and The Martian Chronicles and his many literary awards include a Pulitzer in 2007. The Illustrated Man, tells the story of a former member of a carnival show with an extensively tattooed body. The man's tattoos, created by a timetraveling woman, are individually animated and each tell a different story. The Illustrated Woman concerns an obese woman covered with tattoos who wants to gain even more weight so her artist husband has more canvas to tattoo her. Yet her psychiatrist does not see the tattoos that she describes"--</subfield>
            <subfield code="c">Provided by publisher.</subfield>
        </datafield>
        <datafield tag="700" ind1="1" ind2=" ">
            <subfield code="a">Friedman, Anna Felicity,</subfield>
            <subfield code="e">other.</subfield>
        </datafield>
        <datafield tag="700" ind1="1" ind2=" ">
            <subfield code="a">Hajar, Sami,</subfield>
            <subfield code="e">compiler.</subfield>
        </datafield>
        <datafield tag="700" ind1="1" ind2=" ">
            <subfield code="a">Roessler, Peter,</subfield>
            <subfield code="e">other.</subfield>
        </datafield>
        <datafield tag="700" ind1="1" ind2=" ">
            <subfield code="a">Schiller, Lawrence,</subfield>
            <subfield code="e">other.</subfield>
        </datafield>
    </record>