
    <record>
        <leader>01365cim a2200337 a 4500</leader>
        <controlfield tag="001">5798907</controlfield>
        <controlfield tag="005">20120606115046.0</controlfield>
        <controlfield tag="007">ss|lunjlcmnnue</controlfield>
        <controlfield tag="008">990407s1980    nyunnn         t    eng d</controlfield>
        <datafield tag="010" ind1=" " ind2=" ">
            <subfield code="a">   99388193 </subfield>
        </datafield>
        <datafield tag="100" ind1="1" ind2=" ">
            <subfield code="a">Bradbury, Ray,</subfield>
            <subfield code="d">1920-2012.</subfield>
            <subfield code="1">http://viaf.org/viaf/12305881</subfield>
        </datafield>
        <datafield tag="245" ind1="1" ind2="2">
            <subfield code="a">A conversation with Ray Bradbury</subfield>
            <subfield code="h">[sound recording] /</subfield>
            <subfield code="c">Ray Bradbury.</subfield>
        </datafield>
        <datafield tag="260" ind1=" " ind2=" ">
            <subfield code="a">[New York] :</subfield>
            <subfield code="b">Encyclopedia Americana/CBS News Audio Resource Library,</subfield>
            <subfield code="c">p1980.</subfield>
        </datafield>
        <datafield tag="300" ind1=" " ind2=" ">
            <subfield code="a">on side B of 1 sound cassette (23 min., 44 sec.) :</subfield>
            <subfield code="b">analog +</subfield>
            <subfield code="e">1 study guide.</subfield>
        </datafield>
        <datafield tag="336" ind1=" " ind2=" ">
            <subfield code="a">spoken word</subfield>
            <subfield code="0">http://rdaregistry.info/termList/RDAContentType/1013</subfield>
        </datafield>
        <datafield tag="337" ind1=" " ind2=" ">
            <subfield code="a">audio</subfield>
            <subfield code="0">http://rdaregistry.info/termList/RDAMediaType/1001</subfield>
        </datafield>
        <datafield tag="338" ind1=" " ind2=" ">
            <subfield code="a">audiocassette</subfield>
            <subfield code="0">http://rdaregistry.info/termList/RDACarrierType/1007</subfield>
        </datafield>
        <datafield tag="380" ind1=" " ind2=" ">
            <subfield code="a">Language-based work</subfield>
            <subfield code="0">https://schema.nb.no/Bibliographic/Values/V1000</subfield>
        </datafield>
        <datafield tag="306" ind1=" " ind2=" ">
            <subfield code="a">002344</subfield>
        </datafield>
        <datafield tag="490" ind1="1" ind2=" ">
            <subfield code="a">Vital history cassettes ;</subfield>
            <subfield code="v">no. 3 for Oct. 80</subfield>
        </datafield>
        <datafield tag="501" ind1=" " ind2=" ">
            <subfield code="a">With: The other war in the Middle East / Saadoun Hammadi, Ali Shams Ardakani -- A conversation with Erica Jong / Erica Jong.</subfield>
        </datafield>
        <datafield tag="520" ind1=" " ind2=" ">
            <subfield code="a">Author Ray Bradbury discusses his career and the role of science fiction in today's world.</subfield>
        </datafield>
        <datafield tag="590" ind1=" " ind2=" ">
            <subfield code="a">Study guide lacing in Library of Congress.</subfield>
        </datafield>
        <datafield tag="600" ind1="1" ind2="0">
            <subfield code="a">Bradbury, Ray,</subfield>
            <subfield code="d">1920-2012</subfield>
            <subfield code="v">Interviews.</subfield>
        </datafield>
        <datafield tag="830" ind1=" " ind2="0">
            <subfield code="a">Vital history cassettes ;</subfield>
            <subfield code="v">Oct. 80, no. 3.</subfield>
        </datafield>
    </record>