
    <record>
        <leader>00889cam a2200265 a 4500</leader>
        <controlfield tag="001">2463288</controlfield>
        <controlfield tag="005">20120606120232.0</controlfield>
        <controlfield tag="008">891116s1988    ilu           000 0 eng d</controlfield>
        <datafield tag="010" ind1=" " ind2=" ">
            <subfield code="a">   89207401 </subfield>
        </datafield>
        <datafield tag="100" ind1="1" ind2=" ">
            <subfield code="a">Bradbury, Ray,</subfield>
            <subfield code="d">1920-2012.</subfield>
            <subfield code="1">http://viaf.org/viaf/12305881</subfield>
            <subfield code="4">http://rdaregistry.info/Elements/w/object/P10061</subfield>
        </datafield>
        <datafield tag="240" ind1="1" ind2="0">
            <subfield code="a">Dandelion wine</subfield>
            <subfield code="1">http://viaf.org/viaf/309258185/play</subfield>   
        </datafield>
        <datafield tag="245" ind1="1" ind2="0">
            <subfield code="a">Dandelion wine /</subfield>
            <subfield code="c">by Ray Bradbury.</subfield>
        </datafield>
        <datafield tag="260" ind1=" " ind2=" ">
            <subfield code="a">Woodstock, Ill. :</subfield>
            <subfield code="b">Dramatic Pub. Co.,</subfield>
            <subfield code="c">c1988.</subfield>
        </datafield>
        <datafield tag="300" ind1=" " ind2=" ">
            <subfield code="a">76 p. ;</subfield>
            <subfield code="c">19 cm.</subfield>
        </datafield>        
        <datafield tag="336" ind1=" " ind2=" ">
            <subfield code="a">text</subfield>
            <subfield code="0">http://rdaregistry.info/termList/RDAContentType/1020</subfield>
        </datafield>
        <datafield tag="337" ind1=" " ind2=" ">
            <subfield code="a">unmediated</subfield>
            <subfield code="0">http://rdaregistry.info/termList/RDAMediaType/1007</subfield>
        </datafield>
        <datafield tag="338" ind1=" " ind2=" ">
            <subfield code="a">volume</subfield>
            <subfield code="0">http://rdaregistry.info/termList/RDACarrierType/1049</subfield>
            <subfield code="2">rdacarrier</subfield>
        </datafield>
        <datafield tag="380" ind1=" " ind2=" ">
            <subfield code="a">Language-based work</subfield>
            <subfield code="0">https://schema.nb.no/Bibliographic/Values/V1000</subfield>
        </datafield>
        <datafield tag="500" ind1=" " ind2=" ">
            <subfield code="a">A play based on the novel Dandelion wine, by Ray Bradbury.</subfield>
        </datafield>
        <datafield tag="500" ind1=" " ind2=" ">
            <subfield code="a">Cover title: Ray Bradbury's Dandelion wine.</subfield>
        </datafield>
        <datafield tag="740" ind1="0" ind2=" ">
            <subfield code="a">Ray Bradbury's Dandelion wine.</subfield>
        </datafield>
    </record>