
    <record>
        <leader>03472cam a2200625 i 4500</leader>
        <controlfield tag="001">20636450</controlfield>
        <controlfield tag="005">20180818105431.0</controlfield>
        <controlfield tag="008">180818t20181995nyua     b    000 1 eng d</controlfield>
        <datafield tag="010" ind1=" " ind2=" ">
            <subfield code="a">  2018296418</subfield>
        </datafield>
        <datafield tag="020" ind1=" " ind2=" ">
            <subfield code="a">1982102608</subfield>
            <subfield code="q">(paperback)</subfield>
        </datafield>
        <datafield tag="020" ind1=" " ind2=" ">
            <subfield code="a">9781982102609</subfield>
            <subfield code="q">(paperback)</subfield>
        </datafield>
        <datafield tag="020" ind1=" " ind2=" ">
            <subfield code="z">9781439142677 (ebook)</subfield>
        </datafield>
        <datafield tag="082" ind1="0" ind2="4">
            <subfield code="a">813/.54</subfield>
            <subfield code="2">23</subfield>
        </datafield>
        <datafield tag="100" ind1="1" ind2=" ">
            <subfield code="a">Bradbury, Ray,</subfield>
            <subfield code="d">1920-2012.</subfield>
            <subfield code="1">http://viaf.org/viaf/12305881</subfield>
            <subfield code="4">http://rdaregistry.info/Elements/w/object/P10061</subfield>
        </datafield>        
        <datafield tag="240" ind1="1" ind2="0">
            <subfield code="a">Fahrenheit 451</subfield>
            <subfield code="1">http://viaf.org/viaf/185473935</subfield>
        </datafield>
        <datafield tag="245" ind1="1" ind2="0">
            <subfield code="a">Fahrenheit 451 /</subfield>
            <subfield code="c">Ray Bradbury ; introduction by Neil Gaiman.</subfield>
        </datafield>
        <datafield tag="250" ind1=" " ind2=" ">
            <subfield code="a">Simon &amp; Schuster trade paperback edition.</subfield>
        </datafield>
        <datafield tag="264" ind1=" " ind2="1">
            <subfield code="a">New York :</subfield>
            <subfield code="b">Simon &amp; Schuster Paperbacks,</subfield>
            <subfield code="c">2018.</subfield>
        </datafield>
        <datafield tag="264" ind1=" " ind2="4">
            <subfield code="c">©1995</subfield>
        </datafield>
        <datafield tag="300" ind1=" " ind2=" ">
            <subfield code="a">xvi, 249 pages :</subfield>
            <subfield code="b">illustrations ;</subfield>
            <subfield code="c">22 cm</subfield>
        </datafield>
        <datafield tag="336" ind1=" " ind2=" ">
            <subfield code="a">text</subfield>
            <subfield code="b">txt</subfield>
            <subfield code="2">rdacontent</subfield>
            <subfield code="0">http://rdaregistry.info/termList/RDAContentType/1020</subfield>
        </datafield>
        <datafield tag="337" ind1=" " ind2=" ">
            <subfield code="a">unmediated</subfield>
            <subfield code="b">n</subfield>
            <subfield code="2">rdamedia</subfield>
            <subfield code="0">http://rdaregistry.info/termList/RDAMediaType/1007</subfield>
        </datafield>
        <datafield tag="338" ind1=" " ind2=" ">
            <subfield code="a">volume</subfield>
            <subfield code="b">nc</subfield>
            <subfield code="2">rdacarrier</subfield>
            <subfield code="0">http://rdaregistry.info/termList/RDACarrierType/1049</subfield>
        </datafield>
        <datafield tag="500" ind1=" " ind2=" ">
            <subfield code="a">"Fahrenheit 451 -- the temperature at which book paper catches fire and burns..."</subfield>
        </datafield>
        <datafield tag="500" ind1=" " ind2=" ">
            <subfield code="a">"Now an HBO film starring Michael B. Jordan and Michael Shannon"--Cover.</subfield>
        </datafield>
        <datafield tag="500" ind1=" " ind2=" ">
            <subfield code="a">Includes section titled 'History, context, and criticism' (pages 159-249), edited by Jonathan R. Eller.</subfield>
        </datafield>
        <datafield tag="504" ind1=" " ind2=" ">
            <subfield code="a">Includes bibliographical references.</subfield>
        </datafield>
        <datafield tag="505" ind1="0" ind2="0">
            <subfield code="g">Part one: the story of fahrenheit 451</subfield>
            <subfield code="t">The story of fahrenheit 451 /</subfield>
            <subfield code="r">Jonathan R. Eller --</subfield>
            <subfield code="t">From the day after tomorrow: why science fiction" /</subfield>
            <subfield code="r">Ray Bradbury --</subfield>
            <subfield code="t">Listening library audio introduction /</subfield>
            <subfield code="r">Ray Bradbury --</subfield>
            <subfield code="t">Investing dimes: fahrenheit 451 /</subfield>
            <subfield code="r">Ray Bradbury --</subfield>
            <subfield code="g">Part two: other vocies.</subfield>
            <subfield code="t">From a letter to Stanley Kauffmann /</subfield>
            <subfield code="r">Nelson Algren --</subfield>
            <subfield code="t">Books of the times /</subfield>
            <subfield code="r">Orville Prescott --</subfield>
            <subfield code="t">From new wine, old bottles /</subfield>
            <subfield code="r">Gilbert Highet --</subfield>
            <subfield code="t">New novels /</subfield>
            <subfield code="r">Idris Parry --</subfield>
            <subfield code="t">New fiction /</subfield>
            <subfield code="r">Sir John Betjeman --</subfield>
            <subfield code="t">1984 and all that /</subfield>
            <subfield code="r">Adrian Mitchell --</subfield>
            <subfield code="t">From new maps of hell /</subfield>
            <subfield code="r">Sir Kingsley Amis --</subfield>
            <subfield code="t">Introduction to Ray Bradbury's fahrenheit 451 /</subfield>
            <subfield code="r">Harold Bloom --</subfield>
            <subfield code="t">Fahrenheit 451 /</subfield>
            <subfield code="r">Margaret Atwood --</subfield>
            <subfield code="t">Shades of Orwell /</subfield>
            <subfield code="r">Arthur Knight --</subfield>
            <subfield code="t">From the journal of fahrenheit 451 /</subfield>
            <subfield code="r">François Truffaut.</subfield>
        </datafield>
        <datafield tag="520" ind1=" " ind2=" ">
            <subfield code="a">A book burner in a future fascist state finds out books are a vital part of a culture he never knew. He clandestinely pursues reading, until he is betrayed.</subfield>
        </datafield>
        <datafield tag="700" ind1="1" ind2=" ">
            <subfield code="a">Gaiman, Neil,</subfield>
            <subfield code="e">writer of introduction.</subfield>
        </datafield>
    </record>