
    <record>
        <leader>03813cam a22005415i 4500</leader>
        <controlfield tag="001">22472166</controlfield>
        <controlfield tag="005">20230510082929.0</controlfield>
        <controlfield tag="008">220318s2023    waua     6    000 1 eng  </controlfield>
        <datafield tag="010" ind1=" " ind2=" ">
            <subfield code="a">  2022935191</subfield>
        </datafield>
        <datafield tag="020" ind1=" " ind2=" ">
            <subfield code="a">9781683966562</subfield>
            <subfield code="q">(hardcover)</subfield>
        </datafield>
        <datafield tag="082" ind1="0" ind2="0">
            <subfield code="a">741.5/973</subfield>
            <subfield code="2">23/eng/20230510</subfield>
        </datafield>
        <datafield tag="100" ind1="1" ind2=" ">
            <subfield code="a">Bradbury, Ray,</subfield>
            <subfield code="d">1920-2012.</subfield>
            <subfield code="1">http://viaf.org/viaf/12305881</subfield>
            <subfield code="4">http://rdaregistry.info/Elements/w/object/P10061</subfield>
        </datafield>
        <datafield tag="245" ind1="1" ind2="0">
            <subfield code="a">Home to stay! :</subfield>
            <subfield code="b">the complete Ray Bradbury EC stories /</subfield>
            <subfield code="c">Ray Bradbury ; introduction by Greg Bear ; commentary by Ted White.</subfield>
        </datafield>
        <datafield tag="250" ind1=" " ind2=" ">
            <subfield code="a">First Fantagraphics Books edition.</subfield>
        </datafield>
        <datafield tag="264" ind1=" " ind2="1">
            <subfield code="a">Seattle, WA :</subfield>
            <subfield code="b">Fantagraphics Books,</subfield>
            <subfield code="c">2023.</subfield>
        </datafield>
        <datafield tag="300" ind1=" " ind2=" ">
            <subfield code="a">xxi, 306 pages :</subfield>
            <subfield code="b">chiefly illustrations (some color) ;</subfield>
            <subfield code="c">35 cm</subfield>
        </datafield>
        <datafield tag="336" ind1=" " ind2=" ">
            <subfield code="a">still image</subfield>
            <subfield code="2">rdacontent</subfield>
        </datafield>
        <datafield tag="336" ind1=" " ind2=" ">
            <subfield code="a">text</subfield>
            <subfield code="b">txt</subfield>
            <subfield code="2">rdacontent</subfield>
            <subfield code="0">http://rdaregistry.info/termList/RDAContentType/1020</subfield>
        </datafield>
        <datafield tag="337" ind1=" " ind2=" ">
            <subfield code="a">unmediated</subfield>
            <subfield code="b">n</subfield>
            <subfield code="2">rdamedia</subfield>
            <subfield code="0">http://rdaregistry.info/termList/RDAMediaType/1007</subfield>
        </datafield>
        <datafield tag="338" ind1=" " ind2=" ">
            <subfield code="a">volume</subfield>
            <subfield code="b">nc</subfield>
            <subfield code="2">rdacarrier</subfield>
            <subfield code="0">http://rdaregistry.info/termList/RDACarrierType/1049</subfield>
        </datafield>
        <datafield tag="520" ind1=" " ind2=" ">
            <subfield code="a">"A special companion to our New York Times best-selling classic reprint series, this collection features all the Ray Bradbury stories adapted by EC Comics (including the unauthorized ones!) for the first time in one volume. Between 1951 and 1954, EC Comics adapted 28 classic Ray Bradbury stories into comics form, scripted by Al Feldstein and interpreted and illustrated by all of EC's top artists: Johnny Craig, Reed Crandall, Jack Davis, Will Elder, George Evans, Frank Frazetta, Graham Ingels, Jack Kamen, Bernard Krigstein, Joe Orlando, John Severin, Angelo Torres, Al Williamson, and Wallace Wood. This special companion collection to our EC Comics Library series features all 28 stories with stunning art reproduced in generously oversized coffee table dimensions! Highlights in this singular volume include: "Home to Stay" - a clever combination of two Bradbury science fiction stories that Bradbury himself proclaimed topped his originals (available in no other form or medium), masterfully woven together by Al Feldstein and Wallace Wood. "A Sound of Thunder" - the classic time-travel-gone-wrong story brilliantly illustrated by Al Williamson and Angelo Torres. "Touch and Go" -- an obsessive psychological thriller tautly executed by Johnny Craig. And many more, including "The Million Year Picnic" (Elder), "I, Rocket" (Williamson and Frazetta), "Zero Hour" (Kamen), "Mars Is Heaven" (Wood), and "There Will Come Soft Rains..." (Wood). Plus three bonus stories inspired by other Bradbury tales. A superb, sumptuous showcase for these classic comic book masterpieces that have never before been collected together in one volume"--</subfield>
            <subfield code="c">Provided by publisher.</subfield>
        </datafield>
        <datafield tag="700" ind1="1" ind2=" ">
            <subfield code="a">Bear, Greg,</subfield>
            <subfield code="d">1951-</subfield>
            <subfield code="e">writer of introduction.</subfield>
        </datafield>
        <datafield tag="700" ind1="1" ind2=" ">
            <subfield code="a">Craig, Johnny,</subfield>
            <subfield code="d">1926-2001,</subfield>
            <subfield code="e">artist.</subfield>
        </datafield>
        <datafield tag="700" ind1="1" ind2=" ">
            <subfield code="a">Crandall, Reed,</subfield>
            <subfield code="d">1917-1982,</subfield>
            <subfield code="e">artist.</subfield>
        </datafield>
        <datafield tag="700" ind1="1" ind2=" ">
            <subfield code="a">Davis, Jack,</subfield>
            <subfield code="d">1924-2016,</subfield>
            <subfield code="e">artist.</subfield>
        </datafield>
        <datafield tag="700" ind1="1" ind2=" ">
            <subfield code="a">Elder, Will,</subfield>
            <subfield code="d">1922-2008,</subfield>
            <subfield code="e">artist.</subfield>
        </datafield>
        <datafield tag="700" ind1="1" ind2=" ">
            <subfield code="a">Evans, George,</subfield>
            <subfield code="d">1920-2001,</subfield>
            <subfield code="e">artist.</subfield>
        </datafield>
        <datafield tag="700" ind1="1" ind2=" ">
            <subfield code="a">Feldstein, Albert B.,</subfield>
            <subfield code="e">author.</subfield>
        </datafield>
        <datafield tag="700" ind1="1" ind2=" ">
            <subfield code="a">Frazetta, Frank,</subfield>
            <subfield code="e">artist.</subfield>
        </datafield>
        <datafield tag="700" ind1="1" ind2=" ">
            <subfield code="a">Ingels, Graham,</subfield>
            <subfield code="d">1915-1991,</subfield>
            <subfield code="e">artist.</subfield>
        </datafield>
        <datafield tag="700" ind1="1" ind2=" ">
            <subfield code="a">Kamen, Jack,</subfield>
            <subfield code="d">1920-2008,</subfield>
            <subfield code="e">artist.</subfield>
        </datafield>
        <datafield tag="700" ind1="1" ind2=" ">
            <subfield code="a">Krigstein, B.</subfield>
            <subfield code="q">(Bernard),</subfield>
            <subfield code="d">1919-1990,</subfield>
            <subfield code="e">artist.</subfield>
        </datafield>
        <datafield tag="700" ind1="1" ind2=" ">
            <subfield code="a">Orlando, Joe,</subfield>
            <subfield code="e">artist.</subfield>
        </datafield>
        <datafield tag="700" ind1="1" ind2=" ">
            <subfield code="a">Severin, John,</subfield>
            <subfield code="e">artist.</subfield>
        </datafield>
        <datafield tag="700" ind1="1" ind2=" ">
            <subfield code="a">Torres, Angelo,</subfield>
            <subfield code="e">artist.</subfield>
        </datafield>
        <datafield tag="700" ind1="1" ind2=" ">
            <subfield code="a">White, Ted,</subfield>
            <subfield code="e">writer of supplementary textual content.</subfield>
        </datafield>
        <datafield tag="700" ind1="1" ind2=" ">
            <subfield code="a">Williamson, Al,</subfield>
            <subfield code="d">1931-2010,</subfield>
            <subfield code="e">artist.</subfield>
        </datafield>
        <datafield tag="700" ind1="1" ind2=" ">
            <subfield code="a">Wood, Wallace,</subfield>
            <subfield code="e">artist.</subfield>
        </datafield>
    </record>