
    <record>
        <leader>03563cam a2200481 i 4500</leader>
        <controlfield tag="001">22303065</controlfield>
        <controlfield tag="005">20230726103149.0</controlfield>
        <controlfield tag="008">211108s2022    nyua     b    000 1 eng d</controlfield>
        <datafield tag="010" ind1=" " ind2=" ">
            <subfield code="a">  2021950350</subfield>
        </datafield>
        <datafield tag="020" ind1=" " ind2=" ">
            <subfield code="a">1598537288</subfield>
            <subfield code="q">(hardcover)</subfield>
        </datafield>
        <datafield tag="020" ind1=" " ind2=" ">
            <subfield code="a">9781598537284</subfield>
            <subfield code="q">(hardcover)</subfield>
        </datafield>
        <datafield tag="082" ind1="0" ind2="0">
            <subfield code="a">813/.54</subfield>
            <subfield code="2">23/eng/20230131</subfield>
        </datafield>
        <datafield tag="100" ind1="1" ind2=" ">
            <subfield code="a">Bradbury, Ray,</subfield>
            <subfield code="d">1920-2012.</subfield>
            <subfield code="1">http://viaf.org/viaf/12305881</subfield>
            <subfield code="4">http://rdaregistry.info/Elements/w/object/P10061</subfield>
        </datafield>
        <datafield tag="240" ind1="1" ind2="4">
            <subfield code="a">The illustrated man</subfield>
            <subfield code="1">http://viaf.org/viaf/2146095153500370503/andmore</subfield>
        </datafield>
        <datafield tag="245" ind1="1" ind2="4">
            <subfield code="a">The illustrated man ;</subfield>
            <subfield code="b">The October country ; other stories /</subfield>
            <subfield code="c">Ray Bradbury ; Jonathan R. Eller, editor.</subfield>
        </datafield>
        <datafield tag="246" ind1="3" ind2="0">
            <subfield code="a">October country</subfield>
        </datafield>
        <datafield tag="264" ind1=" " ind2="1">
            <subfield code="a">New York, N.Y. :</subfield>
            <subfield code="b">The Library of America,</subfield>
            <subfield code="c">[2022]</subfield>
        </datafield>
        <datafield tag="300" ind1=" " ind2=" ">
            <subfield code="a">x, 979 pages :</subfield>
            <subfield code="b">illustrations ;</subfield>
            <subfield code="c">21 cm.</subfield>
        </datafield>
        <datafield tag="336" ind1=" " ind2=" ">
            <subfield code="a">text</subfield>
            <subfield code="b">txt</subfield>
            <subfield code="2">rdacontent</subfield>
            <subfield code="0">http://rdaregistry.info/termList/RDAContentType/1020</subfield>
        </datafield>
        <datafield tag="337" ind1=" " ind2=" ">
            <subfield code="a">unmediated</subfield>
            <subfield code="b">n</subfield>
            <subfield code="2">rdamedia</subfield>
            <subfield code="0">http://rdaregistry.info/termList/RDAMediaType/1007</subfield>
        </datafield>
        <datafield tag="338" ind1=" " ind2=" ">
            <subfield code="a">volume</subfield>
            <subfield code="b">nc</subfield>
            <subfield code="2">rdacarrier</subfield>
            <subfield code="0">http://rdaregistry.info/termList/RDACarrierType/1049</subfield>
        </datafield>
        <datafield tag="490" ind1="1" ind2=" ">
            <subfield code="a">The library of America ;</subfield>
            <subfield code="v">360</subfield>
        </datafield>
        <datafield tag="505" ind1="0" ind2="0">
            <subfield code="g">The</subfield>
            <subfield code="t">Illustrated Man --</subfield>
            <subfield code="g">The</subfield>
            <subfield code="t">October Country --</subfield>
            <subfield code="t">Other Stories.</subfield>
            <subfield code="t">R Is for Rocket --</subfield>
            <subfield code="t">Chrysalis --</subfield>
            <subfield code="t">Frost and Fire --</subfield>
            <subfield code="t">Powerhouse --</subfield>
            <subfield code="t">Pillar of Fire --</subfield>
            <subfield code="t">Asleep in Armageddon --</subfield>
            <subfield code="t">Dark They Were, and Golden-eyed --</subfield>
            <subfield code="g">A</subfield>
            <subfield code="t">Touch of Petulance --</subfield>
            <subfield code="g">The</subfield>
            <subfield code="t">Screaming Woman --</subfield>
            <subfield code="g">The</subfield>
            <subfield code="t">Fog Horn --</subfield>
            <subfield code="g">The</subfield>
            <subfield code="t">Pedestrian --</subfield>
            <subfield code="g">The</subfield>
            <subfield code="t">Playground --</subfield>
            <subfield code="g">A</subfield>
            <subfield code="t">Sound of Thunder --</subfield>
            <subfield code="g">The</subfield>
            <subfield code="t">Great Wide World Over There --</subfield>
            <subfield code="g">The</subfield>
            <subfield code="t">Golden Apples of the Sun --</subfield>
            <subfield code="t">And the Rock Cried Out --</subfield>
            <subfield code="t">All Summer in a Day --</subfield>
            <subfield code="t">Interval in Sunlight --</subfield>
            <subfield code="t">At Midnight, in the Month of June --</subfield>
            <subfield code="g">The</subfield>
            <subfield code="t">Strawberry Window --</subfield>
            <subfield code="t">Icarus Montgolfier Wright --</subfield>
            <subfield code="g">The</subfield>
            <subfield code="t">End of the Beginning --</subfield>
            <subfield code="g">The</subfield>
            <subfield code="t">Day It Rained Forever --</subfield>
            <subfield code="g">A</subfield>
            <subfield code="t">Miracle of Rare Device --</subfield>
            <subfield code="g">The</subfield>
            <subfield code="t">Kilimanjaro Device --</subfield>
            <subfield code="g">The</subfield>
            <subfield code="t">Lost City of Mars --</subfield>
            <subfield code="t">I Sing the Body Electric!</subfield>
        </datafield>
        <datafield tag="520" ind1=" " ind2=" ">
            <subfield code="a">"This volume in the Library of America Bradbury edition brings together the complete texts of his two most acclaimed story collections, plus twenty-seven other tales from the 1940s, '50s, and '60s--one of America's greatest storytellers at his very best. Bound together by the mysterious figure of an elaborately tattooed outcast, the eighteen stories in The Illustrated Man explore the dehumanizing possibilities of technology and plumb the dark heart of human brutality. The October Country collects nineteen tales: macabre carnival stories, chilling horror, and fantasy light and dark, with the original artwork by Joseph Mugnaini beautifully restored for this edition. Twenty-seven additional stories include such classics as 'Frost and Fire,' 'The Pedestrian,' 'I Sing the Body Electric!,' and hard-to-find wonders like 'Asleep in Armageddon' and 'The Lost City of Mars.'"--Dust jacket.</subfield>
        </datafield>
        <datafield tag="648" ind1=" " ind2="7">
            <subfield code="a">1900-1999</subfield>
            <subfield code="2">fast</subfield>
        </datafield>
        <datafield tag="700" ind1="1" ind2=" ">
            <subfield code="a">Eller, Jonathan R.,</subfield>
            <subfield code="d">1952-</subfield>
            <subfield code="e">editor.</subfield>
        </datafield>
        <datafield tag="700" ind1="1" ind2="2">
            <subfield code="i">Container of (work):</subfield>
            <subfield code="a">Bradbury, Ray,</subfield>
            <subfield code="d">1920-2012.</subfield>
            <subfield code="t">Illustrated man.</subfield>
        </datafield>
        <datafield tag="700" ind1="1" ind2="2">
            <subfield code="i">Container of (work):</subfield>
            <subfield code="a">Bradbury, Ray,</subfield>
            <subfield code="d">1920-2012.</subfield>
            <subfield code="t">October country.</subfield>
        </datafield>
        <datafield tag="830" ind1=" " ind2="0">
            <subfield code="a">Library of America ;</subfield>
            <subfield code="v">360.</subfield>
        </datafield>
    </record>