
    <record>
        <leader>00983cim a2200265u  4500</leader>
        <controlfield tag="001">9033692</controlfield>
        <controlfield tag="005">20120606120318.0</controlfield>
        <controlfield tag="008">860714s1976    cau                      </controlfield>
        <datafield tag="010" ind1=" " ind2=" ">
            <subfield code="a">   76742226 </subfield>
        </datafield>
        <datafield tag="100" ind1="1" ind2=" ">
            <subfield code="a">Bradbury, Ray,</subfield>
            <subfield code="d">1920-2012.</subfield>
            <subfield code="1">http://viaf.org/viaf/12305881</subfield>
            <subfield code="4">http://rdaregistry.info/Elements/w/object/P10061</subfield>
        </datafield>
        <datafield tag="245" ind1="1" ind2="0">
            <subfield code="a">[Killer come back to me] [Sound recording]</subfield>
        </datafield>
        <datafield tag="260" ind1=" " ind2=" ">
            <subfield code="a">[n.p.]</subfield>
            <subfield code="b">American Forces Radio and Television Service RU 42-6, 5B</subfield>
            <subfield code="c">[1976]</subfield>
        </datafield>
        <datafield tag="300" ind1=" " ind2=" ">
            <subfield code="a">p. on side 2 of 1 disc. 33 1/3 rpm. mono. 12 in.</subfield>
        </datafield>
        <datafield tag="300" ind1=" " ind2=" ">
            <subfield code="a">on side 2 of 1 disc. 33 1/3 rpm. mono.</subfield>
            <subfield code="c">12 in.</subfield>
        </datafield>
        <datafield tag="336" ind1=" " ind2=" ">
            <subfield code="a">spoken word</subfield>
            <subfield code="0">http://rdaregistry.info/termList/RDAContentType/1013</subfield>
        </datafield>
        <datafield tag="337" ind1=" " ind2=" ">
            <subfield code="a">audio</subfield>
            <subfield code="0">http://rdaregistry.info/termList/RDAMediaType/1001</subfield>
        </datafield>
        <datafield tag="338" ind1=" " ind2=" ">
            <subfield code="a">audio disc</subfield>
            <subfield code="0">http://rdaregistry.info/termList/RDACarrierType/1004</subfield>
        </datafield>
        <datafield tag="380" ind1=" " ind2=" ">
            <subfield code="a">Language-based work</subfield>
            <subfield code="0">https://schema.nb.no/Bibliographic/Values/V1000</subfield>
        </datafield>
        <datafield tag="500" ind1=" " ind2=" ">
            <subfield code="a">Duration: 25 min.</subfield>
        </datafield>
        <datafield tag="500" ind1=" " ind2=" ">
            <subfield code="a">Mystery theater, 309.</subfield>
        </datafield>
        <datafield tag="500" ind1=" " ind2=" ">
            <subfield code="a">Radio drama, starring Richard Widmark.</subfield>
        </datafield>
        <datafield tag="500" ind1=" " ind2=" ">
            <subfield code="a">Recordings made for the use of the American Armed Forces only.</subfield>
        </datafield>
        <datafield tag="500" ind1=" " ind2=" ">
            <subfield code="a">SUMMARY: Tells the story of a young bankrobber and his tutor, a woman.</subfield>
        </datafield>
        <datafield tag="500" ind1=" " ind2=" ">
            <subfield code="a">With: Ira Cook 4086 F.</subfield>
        </datafield>
        <datafield tag="700" ind1="1" ind2=" ">
            <subfield code="a">Widmark, Richard.</subfield>
        </datafield>
        <datafield tag="830" ind1=" " ind2="0">
            <subfield code="a">Mystery theater. [Sound recording]</subfield>
            <subfield code="v">309.</subfield>
        </datafield>
    </record>