
    <record>
        <leader>03545cam a2200517 i 4500</leader>
        <controlfield tag="001">22242429</controlfield>
        <controlfield tag="005">20220125151907.0</controlfield>
        <controlfield tag="008">210916t20202020enka   e      000 j eng d</controlfield>
        <datafield tag="010" ind1=" " ind2=" ">
            <subfield code="a">  2021289602</subfield>
        </datafield>
        <datafield tag="020" ind1=" " ind2=" ">
            <subfield code="a">1789095395</subfield>
            <subfield code="q">(hardcover)</subfield>
        </datafield>
        <datafield tag="020" ind1=" " ind2=" ">
            <subfield code="a">1789096650</subfield>
            <subfield code="q">(paperback)</subfield>
        </datafield>
        <datafield tag="020" ind1=" " ind2=" ">
            <subfield code="a">9781789095395</subfield>
            <subfield code="q">(hardcover)</subfield>
        </datafield>
        <datafield tag="020" ind1=" " ind2=" ">
            <subfield code="a">9781789096651</subfield>
            <subfield code="q">(paperback)</subfield>
        </datafield>
        <datafield tag="020" ind1=" " ind2=" ">
            <subfield code="z">97817890954401</subfield>
            <subfield code="q">(E-book)</subfield>
        </datafield>
        <datafield tag="082" ind1="0" ind2="4">
            <subfield code="a">813/.54</subfield>
            <subfield code="2">23</subfield>
        </datafield>
        <datafield tag="100" ind1="1" ind2=" ">
            <subfield code="a">Bradbury, Ray,</subfield>
            <subfield code="d">1920-2012.</subfield>
            <subfield code="1">http://viaf.org/viaf/12305881</subfield>
            <subfield code="4">http://rdaregistry.info/Elements/w/object/P10061</subfield>
        </datafield>
        <datafield tag="240" ind1="1" ind2="0">
            <subfield code="a">Short stories.</subfield>
            <subfield code="k">Selections</subfield>
        </datafield>
        <datafield tag="245" ind1="1" ind2="0">
            <subfield code="a">Killer, come back to me :</subfield>
            <subfield code="b">the crime stories of Ray Bradbury.</subfield>
        </datafield>
        <datafield tag="250" ind1=" " ind2=" ">
            <subfield code="a">First Hard Case Crime edition.</subfield>
        </datafield>
        <datafield tag="264" ind1=" " ind2="1">
            <subfield code="a">London :</subfield>
            <subfield code="b">Titan Books,</subfield>
            <subfield code="c">2020.</subfield>
        </datafield>
        <datafield tag="264" ind1=" " ind2="4">
            <subfield code="c">©2020</subfield>
        </datafield>
        <datafield tag="300" ind1=" " ind2=" ">
            <subfield code="a">330 pages :</subfield>
            <subfield code="b">illustrations ;</subfield>
            <subfield code="c">23 cm.</subfield>
        </datafield>
        <datafield tag="336" ind1=" " ind2=" ">
            <subfield code="a">text</subfield>
            <subfield code="b">txt</subfield>
            <subfield code="2">rdacontent</subfield>
            <subfield code="0">http://rdaregistry.info/termList/RDAContentType/1020</subfield>
        </datafield>
        <datafield tag="337" ind1=" " ind2=" ">
            <subfield code="a">unmediated</subfield>
            <subfield code="b">n</subfield>
            <subfield code="2">rdamedia</subfield>
            <subfield code="0">http://rdaregistry.info/termList/RDAMediaType/1007</subfield>
        </datafield>
        <datafield tag="338" ind1=" " ind2=" ">
            <subfield code="a">volume</subfield>
            <subfield code="b">nc</subfield>
            <subfield code="2">rdacarrier</subfield>
            <subfield code="0">http://rdaregistry.info/termList/RDACarrierType/1049</subfield>
        </datafield>
        <datafield tag="490" ind1="0" ind2=" ">
            <subfield code="a">A Hard Case Crime book ;</subfield>
            <subfield code="v">HCC-S08</subfield>
        </datafield>
        <datafield tag="505" ind1="0" ind2="0">
            <subfield code="g">Introduction /</subfield>
            <subfield code="r">by Jonathan R. Eller --</subfield>
            <subfield code="t">A touch of petulance --</subfield>
            <subfield code="t">The screaming woman --</subfield>
            <subfield code="t">The trunk lady --</subfield>
            <subfield code="t">"I'm not so dumb!" --</subfield>
            <subfield code="t">Killer, come back to me! --</subfield>
            <subfield code="t">Dead men rise up never --</subfield>
            <subfield code="t">Where everything ends --</subfield>
            <subfield code="t">Corpse carnival --</subfield>
            <subfield code="t">And so died Riabouchinska --</subfield>
            <subfield code="t">Yesterday I lived! --</subfield>
            <subfield code="t">The town where no one got off --</subfield>
            <subfield code="t">The whole town's sleeping --</subfield>
            <subfield code="t">At midnight, in the month of June --</subfield>
            <subfield code="t">The smiling people --</subfield>
            <subfield code="t">The fruit at the bottom of the bowl --</subfield>
            <subfield code="t">The small assassin --</subfield>
            <subfield code="t">Marionettes, Inc. --</subfield>
            <subfield code="t">Punishment without crime --</subfield>
            <subfield code="t">Some live like Lazarus --</subfield>
            <subfield code="t">The utterly perfect murder --</subfield>
            <subfield code="g">Afterword: Hammett? Chandler? Not to worry!</subfield>
        </datafield>
        <datafield tag="520" ind1=" " ind2=" ">
            <subfield code="a">The new collection contains 20 stories, including classics of the genre and rare, little-known gems such as the title story, Bradbury's first published mystery. A number of the stories were adapted by the author for his popular TV series, The Ray Bradbury Theater, and fans of Bradbury's work will recognize his touch with crime stories about circus sideshow performers and ventriloquists' dummies, sunken cathedrals, time travelers, and robots that look just like people. But they will also discover plenty that is startling and unfamiliar, such as the original short story that inspired a portion of Bradbury's famous novel Dandelion Wine, as well as that story's dark and psychologically disturbing sequel, written at the prompting of no less a figure in the mystery field than Ellery Queen. No one ever wrote like Bradbury. And as this lavish collection demonstrates, when he turned his hand to this genre, he produced some of the most unforgettable crime stories ever told.--Publisher.</subfield>
        </datafield>
        <datafield tag="700" ind1="1" ind2=" ">
            <subfield code="a">Eller, Jonathan R.,</subfield>
            <subfield code="d">1952-</subfield>
            <subfield code="e">writer of introduction.</subfield>
        </datafield>
        <datafield tag="830" ind1=" " ind2="0">
            <subfield code="a">Hard Case Crime book ;</subfield>
            <subfield code="v">HCC-508.</subfield>
        </datafield>
    </record>