
    <record>
        <leader>03495cim a2200517 i 4500</leader>
        <controlfield tag="001">21430109</controlfield>
        <controlfield tag="005">20200410105408.0</controlfield>
        <controlfield tag="007">sd fsngnnzmned</controlfield>
        <controlfield tag="008">200212t20182018mdunnn|        z  | eng  </controlfield>
        <datafield tag="010" ind1=" " ind2=" ">
            <subfield code="a">  2020617556</subfield>
        </datafield>
        <datafield tag="020" ind1=" " ind2=" ">
            <subfield code="a">9781501980893</subfield>
        </datafield>
        <datafield tag="028" ind1="0" ind2="2">
            <subfield code="a">C05074</subfield>
            <subfield code="b">Recorded Books</subfield>
        </datafield>
        <datafield tag="100" ind1="1" ind2=" ">
            <subfield code="a">Bradbury, Ray,</subfield>
            <subfield code="d">1920-2012.</subfield>
            <subfield code="1">http://viaf.org/viaf/12305881</subfield>
            <subfield code="4">http://rdaregistry.info/Elements/w/object/P10061</subfield>
        </datafield>
        <datafield tag="240" ind1="1" ind2="0">
            <subfield code="a">Long after midnight.</subfield>
            <subfield code="s">Spoken word</subfield>
        </datafield>
        <datafield tag="245" ind1="1" ind2="0">
            <subfield code="a">Long after midnight /</subfield>
            <subfield code="c">Ray Bradbury.</subfield>
        </datafield>
        <datafield tag="250" ind1=" " ind2=" ">
            <subfield code="a">Unabridged.</subfield>
        </datafield>
        <datafield tag="264" ind1=" " ind2="1">
            <subfield code="a">Prince Frederick, MD :</subfield>
            <subfield code="b">Recorded Books,</subfield>
            <subfield code="c">[2018]</subfield>
        </datafield>
        <datafield tag="264" ind1=" " ind2="4">
            <subfield code="c">℗2018</subfield>
        </datafield>
        <datafield tag="300" ind1=" " ind2=" ">
            <subfield code="a">8 audio discs (9 hr.) :</subfield>
            <subfield code="b">digital ;</subfield>
            <subfield code="c">4 3/4 in.</subfield>
        </datafield>
        <datafield tag="300" ind1=" " ind2=" ">
            <subfield code="a">on side 2 of 1 disc. 33 1/3 rpm. mono.</subfield>
            <subfield code="c">12 in.</subfield>
        </datafield>
        <datafield tag="336" ind1=" " ind2=" ">
            <subfield code="a">spoken word</subfield>
            <subfield code="0">http://rdaregistry.info/termList/RDAContentType/1013</subfield>
        </datafield>
        <datafield tag="337" ind1=" " ind2=" ">
            <subfield code="a">audio</subfield>
            <subfield code="0">http://rdaregistry.info/termList/RDAMediaType/1001</subfield>
        </datafield>
        <datafield tag="338" ind1=" " ind2=" ">
            <subfield code="a">audio disc</subfield>
            <subfield code="0">http://rdaregistry.info/termList/RDACarrierType/1004</subfield>
        </datafield>
        <datafield tag="380" ind1=" " ind2=" ">
            <subfield code="a">Language-based work</subfield>
            <subfield code="0">https://schema.nb.no/Bibliographic/Values/V1000</subfield>
        </datafield>
        <datafield tag="306" ind1=" " ind2=" ">
            <subfield code="a">090000</subfield>
        </datafield>
        <datafield tag="336" ind1=" " ind2=" ">
            <subfield code="a">spoken word</subfield>
            <subfield code="b">spw</subfield>
            <subfield code="2">rdacontent</subfield>
        </datafield>
        <datafield tag="337" ind1=" " ind2=" ">
            <subfield code="a">audio</subfield>
            <subfield code="b">s</subfield>
            <subfield code="2">rdamedia</subfield>
        </datafield>
        <datafield tag="338" ind1=" " ind2=" ">
            <subfield code="a">audio disc</subfield>
            <subfield code="b">sd</subfield>
            <subfield code="2">rdacarrier</subfield>
        </datafield>
        <datafield tag="344" ind1=" " ind2=" ">
            <subfield code="a">digital</subfield>
            <subfield code="2">rdatr</subfield>
        </datafield>
        <datafield tag="344" ind1=" " ind2=" ">
            <subfield code="b">optical</subfield>
            <subfield code="2">rdarm</subfield>
        </datafield>
        <datafield tag="344" ind1=" " ind2=" ">
            <subfield code="g">stereo</subfield>
            <subfield code="2">rdacpc</subfield>
        </datafield>
        <datafield tag="347" ind1=" " ind2=" ">
            <subfield code="a">audio file</subfield>
            <subfield code="2">rdaft</subfield>
        </datafield>
        <datafield tag="347" ind1=" " ind2=" ">
            <subfield code="b">CD audio</subfield>
        </datafield>
        <datafield tag="500" ind1=" " ind2=" ">
            <subfield code="a">In container (17 cm.).</subfield>
        </datafield>
        <datafield tag="500" ind1=" " ind2=" ">
            <subfield code="a">Recordable compact discs.</subfield>
        </datafield>
        <datafield tag="500" ind1=" " ind2=" ">
            <subfield code="a">Title from container.</subfield>
        </datafield>
        <datafield tag="511" ind1="0" ind2=" ">
            <subfield code="a">Narrated by MacLeod Andrews.</subfield>
        </datafield>
        <datafield tag="520" ind1=" " ind2=" ">
            <subfield code="a">Two drifters caught in the backwash of space wander from city to dead city, sifting the rubble for the fabled Blue Bottle of Mars-and find in it two different, equally entrancing, dooms ... A young boy in Green Town, Illinois, does not marry-yet marries-his beloved eighth-grade teacher ... In the hell of a Manhattan July night, Will Morgan is offered a possibly Mephistophelean proposal by which he might gain a perfect love and a magical immunity ... A jealous husband who orders an exact replica of his unfaithful wife from an android manufacturing company (purpose: murder) runs afoul of the compassionate new "live robot" law ... At forty-eight, seized with an overwhelming desire to settle an old score, a man journeys back into the past under the spell of his "utterly perfect, incredibly delightful idea," only to recoil in stunned disbelief when he confronts, at last, his former tormentor ... Bradbury's imaginative field is boundless. In this book, his stories carry us from the cozy familiarity of the small-town America we lived in in Dandelion Wine to the frozen desert and double moon that have been part of our interior landscape since The Martian Chronicles. His characters range from the "ordinary"--A rookie cop, an unhappy wife on vacation in Mexico, an old parish priest hearing confession-to the quite extraordinary: the parrot to whom Ernest Hemingway confided the plot of his last, greatest, never-put-down-on-paper novel, and a woman who, in New York City in the summer of 1974, hangs out a sign reading "Melissa Toad, Witch." Fantastic or conventional, chillingly suspenseful or hauntingly nostalgic, each of these stories has that aura of the unexpected combined with the special ring of absolute rightness that is brilliantly, uniquely Bradbury.</subfield>
        </datafield>
        <datafield tag="700" ind1="1" ind2=" ">
            <subfield code="a">Andrews, MacLeod,</subfield>
            <subfield code="e">narrator.</subfield>
        </datafield>
    </record>