
    <record>
        <leader>00667cam a22002171  4500</leader>
        <controlfield tag="001">10326288</controlfield>
        <controlfield tag="005">20120606120323.0</controlfield>
        <controlfield tag="008">720411s1964    nyu           000 1 eng  </controlfield>
        <datafield tag="010" ind1=" " ind2=" ">
            <subfield code="a">   64010652 </subfield>
        </datafield>
        <datafield tag="100" ind1="1" ind2=" ">
            <subfield code="a">Bradbury, Ray,</subfield>
            <subfield code="d">1920-2012.</subfield>
            <subfield code="1">http://viaf.org/viaf/12305881</subfield>
            <subfield code="4">http://rdaregistry.info/Elements/w/object/P10061</subfield>
        </datafield>
        <datafield tag="240" ind1="1" ind2="4">
            <subfield code="a">The machineries of joy</subfield>
            <subfield code="1">http://viaf.org/viaf/309316425</subfield>
        </datafield>
        <datafield tag="245" ind1="1" ind2="4">
            <subfield code="a">The machineries of joy;</subfield>
            <subfield code="b">short stories.</subfield>
        </datafield>
        <datafield tag="260" ind1=" " ind2=" ">
            <subfield code="a">New York,</subfield>
            <subfield code="b">Simon and Schuster,</subfield>
            <subfield code="c">1964.</subfield>
        </datafield>
        <datafield tag="300" ind1=" " ind2=" ">
            <subfield code="a">255 p.</subfield>
            <subfield code="c">22 cm.</subfield>
        </datafield>        
        <datafield tag="336" ind1=" " ind2=" ">
            <subfield code="a">text</subfield>
            <subfield code="0">http://rdaregistry.info/termList/RDAContentType/1020</subfield>
        </datafield>
        <datafield tag="337" ind1=" " ind2=" ">
            <subfield code="a">unmediated</subfield>
            <subfield code="0">http://rdaregistry.info/termList/RDAMediaType/1007</subfield>
        </datafield>
        <datafield tag="338" ind1=" " ind2=" ">
            <subfield code="a">volume</subfield>
            <subfield code="0">http://rdaregistry.info/termList/RDACarrierType/1049</subfield>
            <subfield code="2">rdacarrier</subfield>
        </datafield>
        <datafield tag="380" ind1=" " ind2=" ">
            <subfield code="a">Language-based work</subfield>
            <subfield code="0">https://schema.nb.no/Bibliographic/Values/V1000</subfield>
        </datafield>
    </record>