
    <record>
        <leader>00824cim a2200265u  4500</leader>
        <controlfield tag="001">9961269</controlfield>
        <controlfield tag="005">20221128112743.0</controlfield>
        <controlfield tag="008">860714p1975    xx ||nn        ||   eng  </controlfield>
        <datafield tag="010" ind1=" " ind2=" ">
            <subfield code="a">   75750243 </subfield>
        </datafield>
        <datafield tag="100" ind1="1" ind2=" ">
            <subfield code="a">Bradbury, Ray,</subfield>
            <subfield code="d">1920-2012.</subfield>
            <subfield code="1">http://viaf.org/viaf/12305881</subfield>
            <subfield code="4">http://rdaregistry.info/Elements/w/object/P10061</subfield>
        </datafield>
        <datafield tag="245" ind1="1" ind2="4">
            <subfield code="a">The Martian chronicles.</subfield>
            <subfield code="h">[sound recording]</subfield>
        </datafield>
        <datafield tag="260" ind1=" " ind2=" ">
            <subfield code="a">[n.p.]</subfield>
            <subfield code="b">Caedmon TC 1466. p1975.</subfield>
        </datafield>
        <datafield tag="300" ind1=" " ind2=" ">
            <subfield code="a">p. 1 disc. 33 1/3 rpm. stereo. 12 in.</subfield>
        </datafield>
        <datafield tag="300" ind1=" " ind2=" ">
            <subfield code="a">on side 2 of 1 disc. 33 1/3 rpm. mono.</subfield>
            <subfield code="c">12 in.</subfield>
        </datafield>
        <datafield tag="336" ind1=" " ind2=" ">
            <subfield code="a">spoken word</subfield>
            <subfield code="0">http://rdaregistry.info/termList/RDAContentType/1013</subfield>
        </datafield>
        <datafield tag="337" ind1=" " ind2=" ">
            <subfield code="a">audio</subfield>
            <subfield code="0">http://rdaregistry.info/termList/RDAMediaType/1001</subfield>
        </datafield>
        <datafield tag="338" ind1=" " ind2=" ">
            <subfield code="a">audio disc</subfield>
            <subfield code="0">http://rdaregistry.info/termList/RDACarrierType/1004</subfield>
        </datafield>
        <datafield tag="380" ind1=" " ind2=" ">
            <subfield code="a">Language-based work</subfield>
            <subfield code="0">https://schema.nb.no/Bibliographic/Values/V1000</subfield>
        </datafield>
        <datafield tag="500" ind1=" " ind2=" ">
            <subfield code="a">Descriptive notes by S. Ley on container.</subfield>
        </datafield>
        <datafield tag="500" ind1=" " ind2=" ">
            <subfield code="a">Duration: ca. 50 min.</subfield>
        </datafield>
        <datafield tag="500" ind1=" " ind2=" ">
            <subfield code="a">Leonard Nimoy, reader.</subfield>
        </datafield>
        <datafield tag="500" ind1=" " ind2=" ">
            <subfield code="a">Stories.</subfield>
        </datafield>
        <datafield tag="505" ind1="0" ind2=" ">
            <subfield code="a">There will come soft rains -- Usher II.</subfield>
        </datafield>
        <datafield tag="700" ind1="1" ind2=" ">
            <subfield code="a">Nimoy, Leonard.</subfield>
        </datafield>
    </record>