
    <record>
        <leader>01697cam a2200301 a 4500</leader>
        <controlfield tag="001">15095666</controlfield>
        <controlfield tag="005">20120606120343.0</controlfield>
        <controlfield tag="008">071128s2006    coua          000 1 eng  </controlfield>
        <datafield tag="010" ind1=" " ind2=" ">
            <subfield code="a">  2007282052</subfield>
        </datafield>
        <datafield tag="020" ind1=" " ind2=" ">
            <subfield code="a">1887368868</subfield>
        </datafield>
        <datafield tag="020" ind1=" " ind2=" ">
            <subfield code="a">9781887368865</subfield>
        </datafield>
        <datafield tag="082" ind1="0" ind2="0">
            <subfield code="a">813/.54</subfield>
            <subfield code="2">22</subfield>
        </datafield>
        <datafield tag="100" ind1="1" ind2=" ">
            <subfield code="a">Bradbury, Ray,</subfield>
            <subfield code="d">1920-2012.</subfield>
            <subfield code="1">http://viaf.org/viaf/12305881</subfield>
            <subfield code="4">http://rdaregistry.info/Elements/w/object/P10061</subfield>
        </datafield>
        <datafield tag="245" ind1="1" ind2="0">
            <subfield code="a">Match to flame :</subfield>
            <subfield code="b">the fictional paths to Fahrenheit 451 /</subfield>
            <subfield code="c">Ray Bradbury ; Donn Albright, editor, Jon Eller, textual editor.</subfield>
        </datafield>
        <datafield tag="250" ind1=" " ind2=" ">
            <subfield code="a">1st ed.</subfield>
        </datafield>
        <datafield tag="260" ind1=" " ind2=" ">
            <subfield code="a">Colorado Springs, Colo. :</subfield>
            <subfield code="b">Gauntlet Publications,</subfield>
            <subfield code="c">2006.</subfield>
        </datafield>
        <datafield tag="300" ind1=" " ind2=" ">
            <subfield code="a">484 p. :</subfield>
            <subfield code="b">ill. ;</subfield>
            <subfield code="c">24 cm.</subfield>
        </datafield>        
        <datafield tag="336" ind1=" " ind2=" ">
            <subfield code="a">text</subfield>
            <subfield code="0">http://rdaregistry.info/termList/RDAContentType/1020</subfield>
        </datafield>
        <datafield tag="337" ind1=" " ind2=" ">
            <subfield code="a">unmediated</subfield>
            <subfield code="0">http://rdaregistry.info/termList/RDAMediaType/1007</subfield>
        </datafield>
        <datafield tag="338" ind1=" " ind2=" ">
            <subfield code="a">volume</subfield>
            <subfield code="0">http://rdaregistry.info/termList/RDACarrierType/1049</subfield>
            <subfield code="2">rdacarrier</subfield>
        </datafield>
        <datafield tag="380" ind1=" " ind2=" ">
            <subfield code="a">Language-based work</subfield>
            <subfield code="0">https://schema.nb.no/Bibliographic/Values/V1000</subfield>
        </datafield>
        <datafield tag="500" ind1=" " ind2=" ">
            <subfield code="a">LC copy signed by author (copy 2)</subfield>
            <subfield code="5">DLC</subfield>
        </datafield>
        <datafield tag="500" ind1=" " ind2=" ">
            <subfield code="a">Limited edition of 750 copies.</subfield>
        </datafield>
        <datafield tag="505" ind1="0" ind2=" ">
            <subfield code="a">Preface -- Foreword -- Introduction -- Textual essay -- The reincarnate -- Pillar of fire -- The library -- Bright phoenix -- Tiger, tiger, burning bright (facsimile) -- The mad wizards of Mars -- Carnival of madness -- The mechanical hound (facsimile) -- Bonfire -- Ancillary correspondence -- Bonfire (facsimile) -- The cricket on the hearth -- Cricket on the hearth (facsimile) -- The pedestrian -- The garbage collector -- The smile -- Where ignorant armies clash by night -- Commentary / Donn Albright -- Long after midnight -- The fireman.</subfield>
        </datafield>
        <datafield tag="700" ind1="1" ind2=" ">
            <subfield code="a">Albright, Donn.</subfield>
        </datafield>
        <datafield tag="700" ind1="1" ind2=" ">
            <subfield code="a">Eller, Jonathan R.,</subfield>
            <subfield code="d">1952-</subfield>
        </datafield>
    </record>