
    <record>
        <leader>01609cim a2200349 a 4500</leader>
        <controlfield tag="001">5792268</controlfield>
        <controlfield tag="005">20180509161830.0</controlfield>
        <controlfield tag="007">st|osndmbnnnue</controlfield>
        <controlfield tag="008">980709s1982    dcunnn         pl   eng  </controlfield>
        <datafield tag="010" ind1=" " ind2=" ">
            <subfield code="a">   98704557 </subfield>
        </datafield>
        <datafield tag="033" ind1="0" ind2=" ">
            <subfield code="a">19820426</subfield>
            <subfield code="b">3850</subfield>
        </datafield>
        <datafield tag="100" ind1="1" ind2=" ">
            <subfield code="a">Bradbury, Ray,</subfield>
            <subfield code="d">1920-2012.</subfield>
            <subfield code="1">http://viaf.org/viaf/12305881</subfield>
            <subfield code="4">http://rdaregistry.info/Elements/w/object/P10061</subfield>
        </datafield>
        <datafield tag="245" ind1="1" ind2="0">
            <subfield code="a">Ray Bradbury reading his poems and giving a lecture entitled Beyond 1984, what to do when the doom doesn't arrive!</subfield>
            <subfield code="h">[sound recording].</subfield>
        </datafield>
        <datafield tag="246" ind1="3" ind2="0">
            <subfield code="a">Beyond, 1984, what to do when the doom doesn't arrive</subfield>
        </datafield>
        <datafield tag="260" ind1=" " ind2=" ">
            <subfield code="c">1982.</subfield>
        </datafield>
        <datafield tag="300" ind1=" " ind2=" ">
            <subfield code="a">2 sound tape reels (72 min., 25 sec.) :</subfield>
            <subfield code="b">analog, 7 1/2 ips, 2 track, stereo. ;</subfield>
            <subfield code="c">10 in.</subfield>
        </datafield>
        <datafield tag="336" ind1=" " ind2=" ">
            <subfield code="a">spoken word</subfield>
            <subfield code="0">http://rdaregistry.info/termList/RDAContentType/1013</subfield>
        </datafield>
        <datafield tag="337" ind1=" " ind2=" ">
            <subfield code="a">audio</subfield>
            <subfield code="0">http://rdaregistry.info/termList/RDAMediaType/1001</subfield>
        </datafield>
        <datafield tag="338" ind1=" " ind2=" ">
            <subfield code="a">audiocassette</subfield>
            <subfield code="0">http://rdaregistry.info/termList/RDACarrierType/1007</subfield>
        </datafield>
        <datafield tag="380" ind1=" " ind2=" ">
            <subfield code="a">Language-based work</subfield>
            <subfield code="0">https://schema.nb.no/Bibliographic/Values/V1000</subfield>
        </datafield>
        <datafield tag="306" ind1=" " ind2=" ">
            <subfield code="a">011225</subfield>
        </datafield>
        <datafield tag="500" ind1=" " ind2=" ">
            <subfield code="a">Recorded for the Archive of Recorded Poetry and Literature.</subfield>
        </datafield>
        <datafield tag="500" ind1=" " ind2=" ">
            <subfield code="a">Sponsored by the Gertrude Clarke Whittall Poetry and Literature Fund, Library of Congress, Washington, D.C.</subfield>
        </datafield>
        <datafield tag="518" ind1=" " ind2=" ">
            <subfield code="a">Recorded Apr. 26, 1982, in the Coolidge Auditorium, Library of Congress, Washington, D.C.</subfield>
        </datafield>
        <datafield tag="530" ind1=" " ind2=" ">
            <subfield code="a">Also available in digital form on the Library of Congress Web site.</subfield>
        </datafield>
        <datafield tag="710" ind1="2" ind2=" ">
            <subfield code="a">Archive of Recorded Poetry and Literature (Library of Congress)</subfield>
        </datafield>
        <datafield tag="710" ind1="2" ind2=" ">
            <subfield code="a">Gertrude Clarke Whittall Poetry and Literature Fund.</subfield>
        </datafield>
    </record>