
    <record>
        <leader>00890cim a22002651a 4500</leader>
        <controlfield tag="001">5579185</controlfield>
        <controlfield tag="005">20120606120310.0</controlfield>
        <controlfield tag="007">sdubsmennmplu</controlfield>
        <controlfield tag="008">840306s1981    nyunnn         f    eng  </controlfield>
        <datafield tag="010" ind1=" " ind2=" ">
            <subfield code="a">   81740020 </subfield>
        </datafield>
        <datafield tag="028" ind1="0" ind2="2">
            <subfield code="a">TC 1677</subfield>
            <subfield code="b">Caedmon</subfield>
        </datafield>
        <datafield tag="100" ind1="1" ind2=" ">
            <subfield code="a">Bradbury, Ray,</subfield>
            <subfield code="d">1920-2012.</subfield>
            <subfield code="1">http://viaf.org/viaf/12305881</subfield>
            <subfield code="4">http://rdaregistry.info/Elements/w/object/P10061</subfield>
        </datafield>
        <datafield tag="245" ind1="1" ind2="4">
            <subfield code="a">The small assassin</subfield>
            <subfield code="h">[sound recording] /</subfield>
            <subfield code="c">read by the author Ray Bradbury.</subfield>
        </datafield>
        <datafield tag="260" ind1=" " ind2=" ">
            <subfield code="a">New York, N.Y. :</subfield>
            <subfield code="b">Caedmon,</subfield>
            <subfield code="c">c1981.</subfield>
        </datafield>
        <datafield tag="300" ind1=" " ind2=" ">
            <subfield code="a">1 sound disc (40 min.) :</subfield>
            <subfield code="b">33 1/3 rpm, stereo. ;</subfield>
            <subfield code="c">12 in.</subfield>
        </datafield>
        <datafield tag="300" ind1=" " ind2=" ">
            <subfield code="a">on side 2 of 1 disc. 33 1/3 rpm. mono.</subfield>
            <subfield code="c">12 in.</subfield>
        </datafield>
        <datafield tag="336" ind1=" " ind2=" ">
            <subfield code="a">spoken word</subfield>
            <subfield code="0">http://rdaregistry.info/termList/RDAContentType/1013</subfield>
        </datafield>
        <datafield tag="337" ind1=" " ind2=" ">
            <subfield code="a">audio</subfield>
            <subfield code="0">http://rdaregistry.info/termList/RDAMediaType/1001</subfield>
        </datafield>
        <datafield tag="338" ind1=" " ind2=" ">
            <subfield code="a">audio disc</subfield>
            <subfield code="0">http://rdaregistry.info/termList/RDACarrierType/1004</subfield>
        </datafield>
        <datafield tag="380" ind1=" " ind2=" ">
            <subfield code="a">Language-based work</subfield>
            <subfield code="0">https://schema.nb.no/Bibliographic/Values/V1000</subfield>
        </datafield>
        <datafield tag="306" ind1=" " ind2=" ">
            <subfield code="a">004000</subfield>
        </datafield>
        <datafield tag="500" ind1=" " ind2=" ">
            <subfield code="a">Descriptive and biographical notes on container.</subfield>
        </datafield>
        <datafield tag="520" ind1=" " ind2=" ">
            <subfield code="a">An eerie tale about an innocent baby who murders his parents.</subfield>
        </datafield>
    </record>