
    <record>
        <leader>01132cim a2200301 a 4500</leader>
        <controlfield tag="001">5620818</controlfield>
        <controlfield tag="005">20120606120311.0</controlfield>
        <controlfield tag="007">ssulunjlcnnnu</controlfield>
        <controlfield tag="008">900912s1986    nyunnn         f    eng  </controlfield>
        <datafield tag="010" ind1=" " ind2=" ">
            <subfield code="a">   90740382 </subfield>
        </datafield>
        <datafield tag="020" ind1=" " ind2=" ">
            <subfield code="a">0394555163</subfield>
        </datafield>
        <datafield tag="028" ind1="0" ind2="2">
            <subfield code="a">RH20</subfield>
            <subfield code="b">Random House Audiobooks</subfield>
        </datafield>
        <datafield tag="100" ind1="1" ind2=" ">
            <subfield code="a">Bradbury, Ray,</subfield>
            <subfield code="d">1920-2012.</subfield>
            <subfield code="1">http://viaf.org/viaf/12305881</subfield>
            <subfield code="4">http://rdaregistry.info/Elements/w/object/P10061</subfield>
        </datafield>
        <datafield tag="245" ind1="1" ind2="4">
            <subfield code="a">The stories of Ray Bradbury</subfield>
            <subfield code="h">[sound recording].</subfield>
        </datafield>
        <datafield tag="260" ind1=" " ind2=" ">
            <subfield code="a">[New York, NY] :</subfield>
            <subfield code="b">Random House Audiobooks,</subfield>
            <subfield code="c">p1986.</subfield>
        </datafield>
        <datafield tag="300" ind1=" " ind2=" ">
            <subfield code="a">2 sound cassettes (167 min.) :</subfield>
            <subfield code="b">analog, Dolby processed.</subfield>
        </datafield>
        <datafield tag="336" ind1=" " ind2=" ">
            <subfield code="a">spoken word</subfield>
            <subfield code="0">http://rdaregistry.info/termList/RDAContentType/1013</subfield>
        </datafield>
        <datafield tag="337" ind1=" " ind2=" ">
            <subfield code="a">audio</subfield>
            <subfield code="0">http://rdaregistry.info/termList/RDAMediaType/1001</subfield>
        </datafield>
        <datafield tag="338" ind1=" " ind2=" ">
            <subfield code="a">audiocassette</subfield>
            <subfield code="0">http://rdaregistry.info/termList/RDACarrierType/1007</subfield>
        </datafield>
        <datafield tag="380" ind1=" " ind2=" ">
            <subfield code="a">Language-based work</subfield>
            <subfield code="0">https://schema.nb.no/Bibliographic/Values/V1000</subfield>
        </datafield>
        <datafield tag="306" ind1=" " ind2=" ">
            <subfield code="a">024700</subfield>
        </datafield>
        <datafield tag="500" ind1=" " ind2=" ">
            <subfield code="a">In container (14 cm.)</subfield>
        </datafield>
        <datafield tag="500" ind1=" " ind2=" ">
            <subfield code="a">Stories selected from the book: The stories of Ray Bradbury.</subfield>
        </datafield>
        <datafield tag="505" ind1="0" ind2=" ">
            <subfield code="a">The day it rained forever -- The emissary -- The anthem sprinters -- The happiness machine -- The parrot who met Papa -- Fever dream -- Long after midnight -- The strawberry window -- A piece of wood.</subfield>
        </datafield>
        <datafield tag="511" ind1="0" ind2=" ">
            <subfield code="a">Read by the author.</subfield>
        </datafield>
    </record>