
    <record>
        <leader>00846cim a22002531a 4500</leader>
        <controlfield tag="001">12061299</controlfield>
        <controlfield tag="005">20120606120326.0</controlfield>
        <controlfield tag="007">ssulunjlc---ce</controlfield>
        <controlfield tag="008">921123s1991    nyunnn         f    eng  </controlfield>
        <datafield tag="010" ind1=" " ind2=" ">
            <subfield code="a">   99583709 </subfield>
        </datafield>
        <datafield tag="020" ind1=" " ind2=" ">
            <subfield code="a">0807234214</subfield>
        </datafield>
        <datafield tag="028" ind1="0" ind2="2">
            <subfield code="a">CB-107</subfield>
            <subfield code="b">Listening Library</subfield>
        </datafield>
        <datafield tag="100" ind1="1" ind2=" ">
            <subfield code="a">Bradbury, Ray,</subfield>
            <subfield code="d">1920-2012.</subfield>
            <subfield code="1">http://viaf.org/viaf/12305881</subfield>
            <subfield code="4">http://rdaregistry.info/Elements/w/object/P10061</subfield>
        </datafield>
        <datafield tag="245" ind1="1" ind2="0">
            <subfield code="a">Tales of fantasy</subfield>
            <subfield code="h">sound recording /</subfield>
            <subfield code="c">Ray Bradbury.</subfield>
        </datafield>
        <datafield tag="260" ind1=" " ind2=" ">
            <subfield code="a">Old Greenwich, CT :</subfield>
            <subfield code="b">Listening Library,</subfield>
            <subfield code="c">c1991.</subfield>
        </datafield>
        <datafield tag="300" ind1=" " ind2=" ">
            <subfield code="a">2 sound cassettes :</subfield>
            <subfield code="b">analog.</subfield>
        </datafield>
        <datafield tag="336" ind1=" " ind2=" ">
            <subfield code="a">spoken word</subfield>
            <subfield code="0">http://rdaregistry.info/termList/RDAContentType/1013</subfield>
        </datafield>
        <datafield tag="337" ind1=" " ind2=" ">
            <subfield code="a">audio</subfield>
            <subfield code="0">http://rdaregistry.info/termList/RDAMediaType/1001</subfield>
        </datafield>
        <datafield tag="338" ind1=" " ind2=" ">
            <subfield code="a">audiocassette</subfield>
            <subfield code="0">http://rdaregistry.info/termList/RDACarrierType/1007</subfield>
        </datafield>
        <datafield tag="380" ind1=" " ind2=" ">
            <subfield code="a">Language-based work</subfield>
            <subfield code="0">https://schema.nb.no/Bibliographic/Values/V1000</subfield>
        </datafield>
        <datafield tag="490" ind1="0" ind2=" ">
            <subfield code="a">Cassette bookshelf</subfield>
        </datafield>
        <datafield tag="505" ind1="0" ind2=" ">
            <subfield code="a">The illustrated man -- The veldt -- The foghorn -- The smile -- There will come soft rains -- The pedestrian.</subfield>
        </datafield>
    </record>