
    <record>
        <leader>01895cam a2200325 a 4500</leader>
        <controlfield tag="001">15500285</controlfield>
        <controlfield tag="005">20140922083404.0</controlfield>
        <controlfield tag="008">081027s2009    nyu           000 1 eng  </controlfield>
        <datafield tag="010" ind1=" " ind2=" ">
            <subfield code="a">  2008046673</subfield>
        </datafield>
        <datafield tag="020" ind1=" " ind2=" ">
            <subfield code="a">0061670138 (acid-free paper) :</subfield>
            <subfield code="c">$24.99</subfield>
        </datafield>
        <datafield tag="020" ind1=" " ind2=" ">
            <subfield code="a">9780061670138 (acid-free paper) :</subfield>
            <subfield code="c">$24.99</subfield>
        </datafield>
        <datafield tag="082" ind1="0" ind2="0">
            <subfield code="a">813/.54</subfield>
            <subfield code="2">22</subfield>
        </datafield>
        <datafield tag="100" ind1="1" ind2=" ">
            <subfield code="a">Bradbury, Ray,</subfield>
            <subfield code="d">1920-2012.</subfield>
            <subfield code="1">http://viaf.org/viaf/12305881</subfield>
            <subfield code="4">http://rdaregistry.info/Elements/w/object/P10061</subfield>
        </datafield>
        <datafield tag="245" ind1="1" ind2="0">
            <subfield code="a">We'll always have Paris :</subfield>
            <subfield code="b">stories /</subfield>
            <subfield code="c">Ray Bradbury.</subfield>
        </datafield>
        <datafield tag="250" ind1=" " ind2=" ">
            <subfield code="a">1st ed.</subfield>
        </datafield>
        <datafield tag="260" ind1=" " ind2=" ">
            <subfield code="a">New York :</subfield>
            <subfield code="b">William Morrow,</subfield>
            <subfield code="c">c2009.</subfield>
        </datafield>
        <datafield tag="300" ind1=" " ind2=" ">
            <subfield code="a">xii, 210 p. ;</subfield>
            <subfield code="c">22 cm.</subfield>
        </datafield>
        <datafield tag="336" ind1=" " ind2=" ">
            <subfield code="a">text</subfield>
            <subfield code="0">http://rdaregistry.info/termList/RDAContentType/1020</subfield>
        </datafield>
        <datafield tag="337" ind1=" " ind2=" ">
            <subfield code="a">unmediated</subfield>
            <subfield code="0">http://rdaregistry.info/termList/RDAMediaType/1007</subfield>
        </datafield>
        <datafield tag="338" ind1=" " ind2=" ">
            <subfield code="a">volume</subfield>
            <subfield code="0">http://rdaregistry.info/termList/RDACarrierType/1049</subfield>
        </datafield>
        <datafield tag="380" ind1=" " ind2=" ">
            <subfield code="a">Language-based work</subfield>
            <subfield code="0">https://schema.nb.no/Bibliographic/Values/V1000</subfield>
        </datafield>
        <datafield tag="505" ind1="0" ind2="0">
            <subfield code="t">Massinello Pietro --</subfield>
            <subfield code="t">The visit --</subfield>
            <subfield code="t">The twilight greens --</subfield>
            <subfield code="t">The murder --</subfield>
            <subfield code="t">When the bough breaks --</subfield>
            <subfield code="t">We'll always have Paris --</subfield>
            <subfield code="t">Ma Perkins comes to stay --</subfield>
            <subfield code="t">Doubles --</subfield>
            <subfield code="t">Pater Caninus --</subfield>
            <subfield code="t">Arrival and departure --</subfield>
            <subfield code="t">Last laughs --</subfield>
            <subfield code="t">Pietà summer --</subfield>
            <subfield code="t">Fly away home --</subfield>
            <subfield code="t">Un-pillow talk --</subfield>
            <subfield code="t">Come away with me --</subfield>
            <subfield code="t">Apple-core Baltimore --</subfield>
            <subfield code="t">The reincarnate --</subfield>
            <subfield code="t">Remembrance, Ohio --</subfield>
            <subfield code="t">If paths must cross again --</subfield>
            <subfield code="t">Miss Appletree and I --</subfield>
            <subfield code="t">A literary encounter --</subfield>
            <subfield code="t">America.</subfield>
        </datafield>
        <datafield tag="520" ind1=" " ind2=" ">
            <subfield code="a">A new collection of never-before-published stories, in which Bradbury explores the myriad ways to be reborn, the circumstances that can make any man a killer, and returns us to Mars.</subfield>
        </datafield>
    </record>