
    <record>
        <leader>03102cam a2200481 i 4500</leader>
        <controlfield tag="001">7930870</controlfield>
        <controlfield tag="005">20230323113507.0</controlfield>
        <controlfield tag="008">720706t19561956ohu           001 0ceng  </controlfield>
        <datafield tag="010" ind1=" " ind2=" ">
            <subfield code="a">   56005311 </subfield>
        </datafield>
        <datafield tag="051" ind1=" " ind2=" ">
            <subfield code="a">PR473</subfield>
            <subfield code="b">.B72 Copy 3</subfield>
            <subfield code="c">In original dust jacket. Inscribed on front fly-leaf to Stathis Orphanos from Norman Mailer and Budd Schulberg. Inscribed to Orphanos by Ray Bradbury on page 207. Signed by Christopher Isherwood on page 215.</subfield>
        </datafield>
        <datafield tag="082" ind1=" " ind2=" ">
            <subfield code="a">928.2</subfield>
        </datafield>
        <datafield tag="100" ind1="1" ind2=" ">
            <subfield code="a">Breit, Harvey,</subfield>
            <subfield code="e">author.</subfield>
        </datafield>
        <datafield tag="245" ind1="1" ind2="4">
            <subfield code="a">The writer observed /</subfield>
            <subfield code="c">Harvey Breit.</subfield>
        </datafield>
        <datafield tag="250" ind1=" " ind2=" ">
            <subfield code="a">First edition.</subfield>
        </datafield>
        <datafield tag="264" ind1=" " ind2="1">
            <subfield code="a">Cleveland :</subfield>
            <subfield code="b">The World Publishing Company,</subfield>
            <subfield code="c">[1956]</subfield>
        </datafield>
        <datafield tag="264" ind1=" " ind2="4">
            <subfield code="c">©1956</subfield>
        </datafield>
        <datafield tag="300" ind1=" " ind2=" ">
            <subfield code="a">286 pages ;</subfield>
            <subfield code="c">22 cm</subfield>
        </datafield>
        <datafield tag="336" ind1=" " ind2=" ">
            <subfield code="a">text</subfield>
            <subfield code="b">txt</subfield>
            <subfield code="2">rdacontent</subfield>
            <subfield code="0">http://rdaregistry.info/termList/RDAContentType/1020</subfield>
        </datafield>
        <datafield tag="337" ind1=" " ind2=" ">
            <subfield code="a">unmediated</subfield>
            <subfield code="b">n</subfield>
            <subfield code="2">rdamedia</subfield>
            <subfield code="0">http://rdaregistry.info/termList/RDAMediaType/1007</subfield>
        </datafield>
        <datafield tag="338" ind1=" " ind2=" ">
            <subfield code="a">volume</subfield>
            <subfield code="b">nc</subfield>
            <subfield code="2">rdacarrier</subfield>
            <subfield code="0">http://rdaregistry.info/termList/RDACarrierType/1049</subfield>
        </datafield>
        <datafield tag="500" ind1=" " ind2=" ">
            <subfield code="a">Includes index.</subfield>
        </datafield>
        <datafield tag="500" ind1=" " ind2=" ">
            <subfield code="a">Jacket designed by Miriam Wood.</subfield>
        </datafield>
        <datafield tag="505" ind1="0" ind2=" ">
            <subfield code="a">T.S. Eliot -- Robert E. Sherwood -- Evelyn Waugh -- J.P. Marquand -- E.M. Forster -- Arnold Toynbee -- Albert Schweitzer -- Christopher Morley -- Angela Thirkell -- Robert Hillyer -- John O'Hara -- Nelson Algren -- Alan Paton -- Robert Frost -- William Carlos Williams -- Henry Green -- Elizabeth Bowen -- Christine Weston -- Charles Jackson -- Robert Nathan -- Dylan Thomas -- Aldous Huxley -- Robert Penn Warren -- Wilbur Daniel Steele -- Budd Schulberg -- John Dos Passos -- W. Somerset Maugham and Evelyn Waugh -- Frances Parkinson Keyes -- Conrad Aiken -- E.E. Cummings -- James Norman Hall -- Joyce Cary -- Noel Coward -- Cecil Woodham-Smith -- James Jones -- Arthur Koestler -- Helen Macinnes and Gilbert Highet -- J.B. Priestley -- Frank Yerby -- Norman Mailer -- Malcolm Cowley -- Ray Bradbury -- Phyllis McGinley -- Christopher Isherwood -- Van Wyck Brooks -- Jean Stafford -- Mary Roberts Rinehart -- Dylan Thomas -- Truman Capote -- C.S. Forester -- Ralph Ellison -- George Jean Nathan -- Carl Sandburg -- James Thurber -- Frank O'Connor -- Ernest Hemingway -- Edmund Wilson -- Saul Bellow -- Ernest Hemingway -- William Faulkner.</subfield>
        </datafield>
        <datafield tag="510" ind1="4" ind2=" ">
            <subfield code="a">Westby, S. Christopher Isherwood,</subfield>
            <subfield code="c">page 33</subfield>
        </datafield>
        <datafield tag="520" ind1=" " ind2=" ">
            <subfield code="a">"Talks ... originally written for a newspaper; now, with no alterations, they have become the contents of a book"--Page 13.</subfield>
        </datafield>
        <datafield tag="700" ind1="1" ind2=" ">
            <subfield code="a">Bradbury, Ray,</subfield>
            <subfield code="d">1920-2012,</subfield>
            <subfield code="e">signer.</subfield>
            <subfield code="5">DLC</subfield>
        </datafield>
        <datafield tag="700" ind1="1" ind2=" ">
            <subfield code="a">Isherwood, Christopher,</subfield>
            <subfield code="d">1904-1986,</subfield>
            <subfield code="e">signer.</subfield>
            <subfield code="5">DLC</subfield>
        </datafield>
        <datafield tag="700" ind1="1" ind2=" ">
            <subfield code="a">Mailer, Norman,</subfield>
            <subfield code="e">signer.</subfield>
            <subfield code="5">DLC</subfield>
        </datafield>
        <datafield tag="700" ind1="1" ind2=" ">
            <subfield code="a">Schulberg, Budd,</subfield>
            <subfield code="e">signer.</subfield>
            <subfield code="5">DLC</subfield>
        </datafield>
        <datafield tag="700" ind1="1" ind2=" ">
            <subfield code="a">Woods, Miriam</subfield>
            <subfield code="c">(Book jacket designer)</subfield>
            <subfield code="e">bookjacket designer.</subfield>
        </datafield>
        <datafield tag="710" ind1="2" ind2=" ">
            <subfield code="a">Stathis Orphanos Christopher Isherwood Collection (Library of Congress)</subfield>
            <subfield code="5">DLC</subfield>
        </datafield>
    </record>