
    <record>
        <leader>02934cam a2200445 i 4500</leader>
        <controlfield tag="001">18240073</controlfield>
        <controlfield tag="005">20150713115021.0</controlfield>
        <controlfield tag="008">140724s2013    waua     6    000 1 eng  </controlfield>
        <datafield tag="010" ind1=" " ind2=" ">
            <subfield code="a">  2013498984</subfield>
        </datafield>
        <datafield tag="020" ind1=" " ind2=" ">
            <subfield code="a">1606996584 (hbk.)</subfield>
        </datafield>
        <datafield tag="020" ind1=" " ind2=" ">
            <subfield code="a">9781606996584 (hbk.)</subfield>
        </datafield>
        <datafield tag="082" ind1="0" ind2="0">
            <subfield code="a">741.5/973</subfield>
            <subfield code="2">23</subfield>
        </datafield>
        <datafield tag="100" ind1="1" ind2=" ">
            <subfield code="a">Craig, Johnny,</subfield>
            <subfield code="d">1926-2001.</subfield>
        </datafield>
        <datafield tag="245" ind1="1" ind2="0">
            <subfield code="a">Fall guy for murder and other stories /</subfield>
            <subfield code="c">illustrated by Johnny Craig ; written by Johnny Craig and Al Feldstein with Ray Bradbury.</subfield>
        </datafield>
        <datafield tag="250" ind1=" " ind2=" ">
            <subfield code="a">First Fantagraphics Books edition.</subfield>
        </datafield>
        <datafield tag="264" ind1=" " ind2="1">
            <subfield code="a">Seattle, WA :</subfield>
            <subfield code="b">Fantagraphics Books,</subfield>
            <subfield code="c">2013.</subfield>
        </datafield>
        <datafield tag="300" ind1=" " ind2=" ">
            <subfield code="a">xi, 196 pages :</subfield>
            <subfield code="b">illustrations ;</subfield>
            <subfield code="c">27 cm</subfield>
        </datafield>
        <datafield tag="336" ind1=" " ind2=" ">
            <subfield code="a">still image</subfield>
            <subfield code="b">sti</subfield>
            <subfield code="2">rdacontent</subfield>
        </datafield>
        <datafield tag="336" ind1=" " ind2=" ">
            <subfield code="a">text</subfield>
            <subfield code="b">txt</subfield>
            <subfield code="2">rdacontent</subfield>
            <subfield code="0">http://rdaregistry.info/termList/RDAContentType/1020</subfield>
        </datafield>
        <datafield tag="337" ind1=" " ind2=" ">
            <subfield code="a">unmediated</subfield>
            <subfield code="b">n</subfield>
            <subfield code="2">rdamedia</subfield>
            <subfield code="0">http://rdaregistry.info/termList/RDAMediaType/1007</subfield>
        </datafield>
        <datafield tag="337" ind1=" " ind2=" ">
            <subfield code="a">unmediated</subfield>
            <subfield code="b">n</subfield>
            <subfield code="2">rdamedia</subfield>
            <subfield code="0">http://rdaregistry.info/termList/RDAMediaType/1007</subfield>
        </datafield>
        <datafield tag="338" ind1=" " ind2=" ">
            <subfield code="a">volume</subfield>
            <subfield code="b">nc</subfield>
            <subfield code="2">rdacarrier</subfield>
            <subfield code="0">http://rdaregistry.info/termList/RDACarrierType/1049</subfield>
        </datafield>
        <datafield tag="338" ind1=" " ind2=" ">
            <subfield code="a">volume</subfield>
            <subfield code="b">nc</subfield>
            <subfield code="2">rdacarrier</subfield>
            <subfield code="0">http://rdaregistry.info/termList/RDACarrierType/1049</subfield>
        </datafield>
        <datafield tag="490" ind1="0" ind2=" ">
            <subfield code="a">The EC library</subfield>
        </datafield>
        <datafield tag="500" ind1=" " ind2=" ">
            <subfield code="a">Stories originally published from October 1951-September 1953.</subfield>
        </datafield>
        <datafield tag="505" ind1="0" ind2=" ">
            <subfield code="a">Machine generated contents note: One Last Fling! / Johnny Craig -- Out Of The Frying Pan... / Johnny Craig -- Fountains Of Youth! / Johnny Craig -- Understudy To A Corpse! / Johnny Craig -- A Stitch In Time! / Johnny Craig -- ...Rocks In His Head! / Johnny Craig -- A Bloody Undertaking! / Johnny Craig -- ... On A Dead Man's Chest! / Johnny Craig -- Stiff Punishment! / Johnny Craig -- Seance! / Johnny Craig -- Fed Up! / Johnny Craig -- The Execution! / Johnny Craig -- Two Of A Kind! / Johnny Craig -- Silver Threads Among The MOLD! / Johnny Craig -- Sweet Dreams! / Johnny Craig -- Till Death... / Johnny Craig -- When The Cat's Away... / Johnny Craig -- The Mausoleum! / Johnny Craig -- Rendezvous! / Johnny Craig -- Split Personality! / Johnny Craig -- Touch And Go! / Johnny Craig -- Easel Kill Ya! / Johnny Craig -- Fall Guy For Murder / Johnny Craig -- Johnny Craig / S.C. Ringgenberg -- The Ups and Downs of EC Comics / Ted White.</subfield>
        </datafield>
        <datafield tag="520" ind1=" " ind2=" ">
            <subfield code="a">GRAPHIC NOVELS. Johnny Craig always stood out at EC Comics thanks to his crisp, elegant and contemporary graphic style. And nowhere did this style work more beautifully than in the dozens of superb crime stories he wrote and drew for EC, mostly in Crime SuspenStories, for which he handled the cover and lead-story duties for most of its run.</subfield>
        </datafield>
        <datafield tag="610" ind1="2" ind2="0">
            <subfield code="a">EC Comics</subfield>
            <subfield code="x">History.</subfield>
        </datafield>
        <datafield tag="700" ind1="1" ind2=" ">
            <subfield code="a">Bradbury, Ray,</subfield>
            <subfield code="d">1920-2012.</subfield>
        </datafield>
        <datafield tag="700" ind1="1" ind2=" ">
            <subfield code="a">Feldstein, Albert B.</subfield>
        </datafield>
    </record>