
    <record>
        <leader>02114cam a2200337 i 4500</leader>
        <controlfield tag="001">18988376</controlfield>
        <controlfield tag="005">20180829162510.0</controlfield>
        <controlfield tag="008">160224s2016    waua     6    000 1 eng  </controlfield>
        <datafield tag="010" ind1=" " ind2=" ">
            <subfield code="a">  2016934355</subfield>
        </datafield>
        <datafield tag="020" ind1=" " ind2=" ">
            <subfield code="a">9781606999295</subfield>
        </datafield>
        <datafield tag="082" ind1="0" ind2="0">
            <subfield code="a">741.5/973</subfield>
            <subfield code="2">23</subfield>
        </datafield>
        <datafield tag="100" ind1="1" ind2=" ">
            <subfield code="a">Davis, Jack,</subfield>
            <subfield code="d">1924-2016,</subfield>
            <subfield code="e">illustrator.</subfield>
        </datafield>
        <datafield tag="240" ind1="1" ind2="0">
            <subfield code="a">Comics.</subfield>
            <subfield code="k">Selections</subfield>
        </datafield>
        <datafield tag="245" ind1="1" ind2="4">
            <subfield code="a">The living mummy and other stories /</subfield>
            <subfield code="c">illustrated by Jack Davis ; written by Al Feldstein with Ray Bradbury.</subfield>
        </datafield>
        <datafield tag="250" ind1=" " ind2=" ">
            <subfield code="a">First Fantagraphics Books edition.</subfield>
        </datafield>
        <datafield tag="264" ind1=" " ind2="1">
            <subfield code="a">Seattle :</subfield>
            <subfield code="b">Fantagraphics Books,</subfield>
            <subfield code="c">August 2016.</subfield>
        </datafield>
        <datafield tag="300" ind1=" " ind2=" ">
            <subfield code="a">xii, 211 pages :</subfield>
            <subfield code="b">illustrations ;</subfield>
            <subfield code="c">27 cm</subfield>
        </datafield>
        <datafield tag="336" ind1=" " ind2=" ">
            <subfield code="a">still image</subfield>
            <subfield code="2">rdacontent</subfield>
        </datafield>
        <datafield tag="336" ind1=" " ind2=" ">
            <subfield code="a">text</subfield>
            <subfield code="b">txt</subfield>
            <subfield code="2">rdacontent</subfield>
            <subfield code="0">http://rdaregistry.info/termList/RDAContentType/1020</subfield>
        </datafield>
        <datafield tag="337" ind1=" " ind2=" ">
            <subfield code="a">unmediated</subfield>
            <subfield code="b">n</subfield>
            <subfield code="2">rdamedia</subfield>
            <subfield code="0">http://rdaregistry.info/termList/RDAMediaType/1007</subfield>
        </datafield>
        <datafield tag="338" ind1=" " ind2=" ">
            <subfield code="a">volume</subfield>
            <subfield code="b">nc</subfield>
            <subfield code="2">rdacarrier</subfield>
            <subfield code="0">http://rdaregistry.info/termList/RDACarrierType/1049</subfield>
        </datafield>
        <datafield tag="520" ind1=" " ind2=" ">
            <subfield code="a">When Jack Davis took up his pen for EC Comics, he made his innocent victims more eye-poppingly terrified, his ax-murderers more gleefully gruesome, and his vampires and werewolves more bloodthirsty and feral than any other artist. These horror and suspense tales -- from the pages of Vault of Horror, Haunt of Fear, Crime SuspenStories, and Shock SuspenStories -- offer everything a horror fan could ask for: re-animated bodies and body parts, a ghoul who stores bodies like a squirrel stores nuts, a vampire who moonlights at (where else?) a blood bank, greedy business partners, corrupt politicians, jealous lovers, revenge from beyond the grave, and a healthy complement of vampires, werewolves, and assorted grotesqueries. All leavened with the cackling, pun-laced humor of scripter Al Feldstein and illuminated as only the virtuoso brushwork of Jack Davis can present them. Black et white Illustrations throughout.</subfield>
        </datafield>
        <datafield tag="700" ind1="1" ind2=" ">
            <subfield code="a">Bradbury, Ray,</subfield>
            <subfield code="d">1920-2012,</subfield>
            <subfield code="e">writer.</subfield>
        </datafield>
        <datafield tag="700" ind1="1" ind2=" ">
            <subfield code="a">Feldstein, Albert B.,</subfield>
            <subfield code="e">writer.</subfield>
        </datafield>
    </record>