
    <record>
        <leader>02289cam a2200409 i 4500</leader>
        <controlfield tag="001">19174543</controlfield>
        <controlfield tag="005">20220324170507.0</controlfield>
        <controlfield tag="008">160713s2017    waua     6    000 1 eng  </controlfield>
        <datafield tag="010" ind1=" " ind2=" ">
            <subfield code="a">  2016947628</subfield>
        </datafield>
        <datafield tag="020" ind1=" " ind2=" ">
            <subfield code="a">9781606999820</subfield>
        </datafield>
        <datafield tag="082" ind1="0" ind2="0">
            <subfield code="a">741.5/973</subfield>
            <subfield code="2">23</subfield>
        </datafield>
        <datafield tag="100" ind1="1" ind2=" ">
            <subfield code="a">Elder, Will,</subfield>
            <subfield code="d">1922-2008,</subfield>
            <subfield code="e">artist.</subfield>
        </datafield>
        <datafield tag="240" ind1="1" ind2="0">
            <subfield code="a">Comics.</subfield>
            <subfield code="k">Selections</subfield>
        </datafield>
        <datafield tag="245" ind1="1" ind2="4">
            <subfield code="a">The million year picnic and other stories /</subfield>
            <subfield code="c">illustrated by Will Elder with John Severin ; written by Al Feldstein &amp; Jack Mendelsohn with Nick Meglin &amp; Ray Bradbury.</subfield>
        </datafield>
        <datafield tag="250" ind1=" " ind2=" ">
            <subfield code="a">First Fantagraphics books edition.</subfield>
        </datafield>
        <datafield tag="264" ind1=" " ind2="1">
            <subfield code="a">Seattle :</subfield>
            <subfield code="b">Fantagraphics Books,</subfield>
            <subfield code="c">2017.</subfield>
        </datafield>
        <datafield tag="300" ind1=" " ind2=" ">
            <subfield code="a">xiii, 209 pages :</subfield>
            <subfield code="b">chiefly illustrations ;</subfield>
            <subfield code="c">26 cm.</subfield>
        </datafield>
        <datafield tag="336" ind1=" " ind2=" ">
            <subfield code="a">still image</subfield>
            <subfield code="2">rdacontent</subfield>
        </datafield>
        <datafield tag="336" ind1=" " ind2=" ">
            <subfield code="a">text</subfield>
            <subfield code="b">txt</subfield>
            <subfield code="2">rdacontent</subfield>
            <subfield code="0">http://rdaregistry.info/termList/RDAContentType/1020</subfield>
        </datafield>
        <datafield tag="337" ind1=" " ind2=" ">
            <subfield code="a">unmediated</subfield>
            <subfield code="b">n</subfield>
            <subfield code="2">rdamedia</subfield>
            <subfield code="0">http://rdaregistry.info/termList/RDAMediaType/1007</subfield>
        </datafield>
        <datafield tag="338" ind1=" " ind2=" ">
            <subfield code="a">volume</subfield>
            <subfield code="b">nc</subfield>
            <subfield code="2">rdacarrier</subfield>
            <subfield code="0">http://rdaregistry.info/termList/RDACarrierType/1049</subfield>
        </datafield>
        <datafield tag="490" ind1="0" ind2=" ">
            <subfield code="a">EC library</subfield>
        </datafield>
        <datafield tag="505" ind1="0" ind2=" ">
            <subfield code="a">Wild Will Elder -- Inside story! -- Ahead of the game! -- Counter-clockwise -- Right on the button! -- ... Two for the show! -- King of the grey spaces! -- Juice for the record! -- Stop! You're killing me! -- ... For us the living -- Last laugh -- The million year picnic -- The strange couple! -- The night before Christmas -- The lady or the tiger? -- Li'l Melvin -- Smiddy -- Tick Dracy -- The phansom -- Mel Padooka -- Irving Oops -- RX Migraine M.D. -- Captain Izzy and Washt Upps -- Punch lines -- Mary Worthless! -- Sunday at the beach! -- Charlie Chinless -- The heartaches of Joliet's groans! -- Will Elder ad gallery -- Will Elder -- Behind the panels -- Crime, horror, terror, gore, depravity, disrespect for established authority- and science fiction, too!</subfield>
        </datafield>
        <datafield tag="600" ind1="1" ind2="0">
            <subfield code="a">Elder, Will,</subfield>
            <subfield code="d">1922-2008.</subfield>
        </datafield>
        <datafield tag="610" ind1="2" ind2="0">
            <subfield code="a">EC Comics</subfield>
            <subfield code="x">History.</subfield>
        </datafield>
        <datafield tag="700" ind1="1" ind2=" ">
            <subfield code="a">Bradbury, Ray,</subfield>
            <subfield code="d">1920-2012,</subfield>
            <subfield code="e">author.</subfield>
        </datafield>
        <datafield tag="700" ind1="1" ind2=" ">
            <subfield code="a">Feldstein, Albert B.,</subfield>
            <subfield code="e">author.</subfield>
        </datafield>
        <datafield tag="700" ind1="1" ind2=" ">
            <subfield code="a">Meglin, Nick,</subfield>
            <subfield code="e">author.</subfield>
        </datafield>
        <datafield tag="700" ind1="1" ind2=" ">
            <subfield code="a">Mendelsohn, Jack,</subfield>
            <subfield code="d">1926-2017,</subfield>
            <subfield code="e">author.</subfield>
        </datafield>
        <datafield tag="700" ind1="1" ind2=" ">
            <subfield code="a">Severin, John,</subfield>
            <subfield code="e">artist.</subfield>
        </datafield>
    </record>