
    <record>
        <leader>01233cam a2200325 i 4500</leader>
        <controlfield tag="001">18632591</controlfield>
        <controlfield tag="005">20190318143848.0</controlfield>
        <controlfield tag="008">150526s2015    waua     6    000 1 eng  </controlfield>
        <datafield tag="010" ind1=" " ind2=" ">
            <subfield code="a">  2015942307</subfield>
        </datafield>
        <datafield tag="020" ind1=" " ind2=" ">
            <subfield code="a">9781606998625 (alk. paper)</subfield>
        </datafield>
        <datafield tag="082" ind1="0" ind2="0">
            <subfield code="a">741.5/973</subfield>
            <subfield code="2">23</subfield>
        </datafield>
        <datafield tag="100" ind1="1" ind2=" ">
            <subfield code="a">Kamen, Jack,</subfield>
            <subfield code="d">1920-2008,</subfield>
            <subfield code="e">illustrator.</subfield>
        </datafield>
        <datafield tag="245" ind1="1" ind2="0">
            <subfield code="a">Forty Whacks and other stories /</subfield>
            <subfield code="c">illustrated by Jack Kamen with Johnny Craig ; written by Al Feldstein with Ray Bradbury.</subfield>
        </datafield>
        <datafield tag="264" ind1=" " ind2="1">
            <subfield code="a">Seattle, WA :</subfield>
            <subfield code="b">Fantagraphics Books,</subfield>
            <subfield code="c">[2015]</subfield>
        </datafield>
        <datafield tag="300" ind1=" " ind2=" ">
            <subfield code="a">xi, 187 pages :</subfield>
            <subfield code="b">illustrations ;</subfield>
            <subfield code="c">27 cm.</subfield>
        </datafield>
        <datafield tag="336" ind1=" " ind2=" ">
            <subfield code="a">still image</subfield>
            <subfield code="2">rdacontent</subfield>
        </datafield>
        <datafield tag="336" ind1=" " ind2=" ">
            <subfield code="a">text</subfield>
            <subfield code="b">txt</subfield>
            <subfield code="2">rdacontent</subfield>
            <subfield code="0">http://rdaregistry.info/termList/RDAContentType/1020</subfield>
        </datafield>
        <datafield tag="337" ind1=" " ind2=" ">
            <subfield code="a">unmediated</subfield>
            <subfield code="b">n</subfield>
            <subfield code="2">rdamedia</subfield>
            <subfield code="0">http://rdaregistry.info/termList/RDAMediaType/1007</subfield>
        </datafield>
        <datafield tag="338" ind1=" " ind2=" ">
            <subfield code="a">volume</subfield>
            <subfield code="b">nc</subfield>
            <subfield code="2">rdacarrier</subfield>
            <subfield code="0">http://rdaregistry.info/termList/RDACarrierType/1049</subfield>
        </datafield>
        <datafield tag="490" ind1="0" ind2=" ">
            <subfield code="a">The Fantagraphics EC Comics artists' library ;</subfield>
            <subfield code="v">v. 14</subfield>
        </datafield>
        <datafield tag="700" ind1="1" ind2=" ">
            <subfield code="a">Bradbury, Ray,</subfield>
            <subfield code="d">1920-2012,</subfield>
            <subfield code="e">author.</subfield>
        </datafield>
        <datafield tag="700" ind1="1" ind2=" ">
            <subfield code="a">Feldstein, Albert B.,</subfield>
            <subfield code="e">author.</subfield>
        </datafield>
    </record>