
    <record>
        <leader>01343cam a2200337 a 4500</leader>
        <controlfield tag="001">3060620</controlfield>
        <controlfield tag="005">20120606120416.0</controlfield>
        <controlfield tag="008">960524s1995    fr a          000 0cfre  </controlfield>
        <datafield tag="010" ind1=" " ind2=" ">
            <subfield code="a">   96152817 </subfield>
        </datafield>
        <datafield tag="020" ind1=" " ind2=" ">
            <subfield code="a">2905875291</subfield>
        </datafield>
        <datafield tag="041" ind1="1" ind2=" ">
            <subfield code="a">fre</subfield>
            <subfield code="h">eng</subfield>
        </datafield>
        <datafield tag="043" ind1=" " ind2=" ">
            <subfield code="a">e-fr---</subfield>
        </datafield>
        <datafield tag="100" ind1="1" ind2=" ">
            <subfield code="a">Larralde, Jean-François.</subfield>
        </datafield>
        <datafield tag="245" ind1="1" ind2="0">
            <subfield code="a">Picasso à Biarritz :</subfield>
            <subfield code="b">été 1918 /</subfield>
            <subfield code="c">Jean-François Larralde, Jean Casenave. Précédé de "Par un beau jour d'été" de Ray Bradbury.</subfield>
        </datafield>
        <datafield tag="260" ind1=" " ind2=" ">
            <subfield code="a">[Biarritz] :</subfield>
            <subfield code="b">Lavielle,</subfield>
            <subfield code="c">c1995.</subfield>
        </datafield>
        <datafield tag="300" ind1=" " ind2=" ">
            <subfield code="a">159 p. :</subfield>
            <subfield code="b">ill. (some col.) ;</subfield>
            <subfield code="c">25 cm.</subfield>
        </datafield>
        <datafield tag="336" ind1=" " ind2=" ">
            <subfield code="a">text</subfield>
            <subfield code="0">http://rdaregistry.info/termList/RDAContentType/1020</subfield>
        </datafield>
        <datafield tag="337" ind1=" " ind2=" ">
            <subfield code="a">unmediated</subfield>
            <subfield code="0">http://rdaregistry.info/termList/RDAMediaType/1007</subfield>
        </datafield>
        <datafield tag="338" ind1=" " ind2=" ">
            <subfield code="a">volume</subfield>
            <subfield code="0">http://rdaregistry.info/termList/RDACarrierType/1049</subfield>
        </datafield>
        <datafield tag="380" ind1=" " ind2=" ">
            <subfield code="a">Language-based work</subfield>
            <subfield code="0">https://schema.nb.no/Bibliographic/Values/V1000</subfield>
        </datafield>
        <datafield tag="440" ind1=" " ind2="0">
            <subfield code="a">Collection Peintres et sculpteurs,</subfield>
            <subfield code="x">1259-5047</subfield>
        </datafield>
        <datafield tag="600" ind1="1" ind2="0">
            <subfield code="a">Errazuriz, Eugenia</subfield>
            <subfield code="x">Relations with artists.</subfield>
        </datafield>
        <datafield tag="600" ind1="1" ind2="0">
            <subfield code="a">Picasso, Pablo,</subfield>
            <subfield code="d">1881-1973</subfield>
            <subfield code="x">Friends and associates.</subfield>
        </datafield>
        <datafield tag="600" ind1="1" ind2="0">
            <subfield code="a">Picasso, Pablo,</subfield>
            <subfield code="d">1881-1973</subfield>
            <subfield code="x">Homes and haunts</subfield>
            <subfield code="z">France</subfield>
            <subfield code="z">Biarritz.</subfield>
        </datafield>
        <datafield tag="700" ind1="1" ind2=" ">
            <subfield code="a">Casenave, Jean.</subfield>
        </datafield>
        <datafield tag="700" ind1="1" ind2=" ">
            <subfield code="a">Picasso, Pablo,</subfield>
            <subfield code="d">1881-1973.</subfield>
        </datafield>
        <datafield tag="700" ind1="1" ind2="2">
            <subfield code="a">Bradbury, Ray,</subfield>
            <subfield code="d">1920-2012.</subfield>
            <subfield code="t">In a season of calm weather.</subfield>
            <subfield code="l">French.</subfield>
        </datafield>
    </record>