
    <record>
        <leader>02382cam a2200397 i 4500</leader>
        <controlfield tag="001">18298670</controlfield>
        <controlfield tag="005">20150102135222.0</controlfield>
        <controlfield tag="008">140911s2014    waua     6    000 1 eng d</controlfield>
        <datafield tag="010" ind1=" " ind2=" ">
            <subfield code="a">  2013497398</subfield>
        </datafield>
        <datafield tag="016" ind1="7" ind2=" ">
            <subfield code="a">016612650</subfield>
            <subfield code="2">Uk</subfield>
        </datafield>
        <datafield tag="020" ind1=" " ind2=" ">
            <subfield code="a">1606997270</subfield>
        </datafield>
        <datafield tag="020" ind1=" " ind2=" ">
            <subfield code="a">9781606997277</subfield>
        </datafield>
        <datafield tag="082" ind1="0" ind2="4">
            <subfield code="a">741.5/973</subfield>
            <subfield code="2">23</subfield>
        </datafield>
        <datafield tag="100" ind1="1" ind2=" ">
            <subfield code="a">Orlando, Joe,</subfield>
            <subfield code="e">artist.</subfield>
        </datafield>
        <datafield tag="245" ind1="1" ind2="0">
            <subfield code="a">Judgment day and other stories /</subfield>
            <subfield code="c">illustrated by Joe Orlando ; written by Al Feldstein and Jack Oleck, with Ray Bradbury and Otto Binder.</subfield>
        </datafield>
        <datafield tag="250" ind1=" " ind2=" ">
            <subfield code="a">First Fantagraphics Books edition.</subfield>
        </datafield>
        <datafield tag="264" ind1=" " ind2="1">
            <subfield code="a">Seattle, WA :</subfield>
            <subfield code="b">Fantagraphics Books,</subfield>
            <subfield code="c">2014.</subfield>
        </datafield>
        <datafield tag="300" ind1=" " ind2=" ">
            <subfield code="a">xiii, 175 pages :</subfield>
            <subfield code="b">illustrations ;</subfield>
            <subfield code="c">27 cm</subfield>
        </datafield>
        <datafield tag="336" ind1=" " ind2=" ">
            <subfield code="a">still image</subfield>
            <subfield code="b">sti</subfield>
            <subfield code="2">rdacontent</subfield>
        </datafield>
        <datafield tag="336" ind1=" " ind2=" ">
            <subfield code="a">text</subfield>
            <subfield code="b">txt</subfield>
            <subfield code="2">rdacontent</subfield>
            <subfield code="0">http://rdaregistry.info/termList/RDAContentType/1020</subfield>
        </datafield>
        <datafield tag="337" ind1=" " ind2=" ">
            <subfield code="a">unmediated</subfield>
            <subfield code="b">n</subfield>
            <subfield code="2">rdamedia</subfield>
            <subfield code="0">http://rdaregistry.info/termList/RDAMediaType/1007</subfield>
        </datafield>
        <datafield tag="338" ind1=" " ind2=" ">
            <subfield code="a">volume</subfield>
            <subfield code="b">nc</subfield>
            <subfield code="2">rdacarrier</subfield>
            <subfield code="0">http://rdaregistry.info/termList/RDACarrierType/1049</subfield>
        </datafield>
        <datafield tag="520" ind1=" " ind2=" ">
            <subfield code="a">Joe Orlando was a mainstay at EC, especially on science fiction, and this collects 23 of his best SF stories. All of them, most scripted by Al Feldstein, serve up classic O. Henry-style endings, such as "I, Robot," and "Fallen Idol." The title story is one of EC's most famous, with its blunt anti-racism message. When it was printed during the era of the Comics Code, publisher Bill Gaines and Feldstein had to fight to keep the story's final panel "reveal" (and thus its whole point) intact. It was a Pyrrhic victory, however, as "Judgment Day" became the last story in the last comic book EC published. This volume also features two of Orlando's outstanding adaptations of classic Ray Bradbury science fiction stories: "The Long Year" and "Outcast of the Stars." Also included are all of EC's "Adam Link" adaptations, a series which was later also adapted for The Outer Limits TV show and featured Leonard Nimoy.</subfield>
        </datafield>
        <datafield tag="700" ind1="1" ind2=" ">
            <subfield code="a">Binder, Otto O.</subfield>
            <subfield code="q">(Otto Oscar),</subfield>
            <subfield code="d">1911-1975,</subfield>
            <subfield code="e">author.</subfield>
        </datafield>
        <datafield tag="700" ind1="1" ind2=" ">
            <subfield code="a">Bradbury, Ray,</subfield>
            <subfield code="d">1920-2012,</subfield>
            <subfield code="e">author.</subfield>
        </datafield>
        <datafield tag="700" ind1="1" ind2=" ">
            <subfield code="a">Feldstein, Albert B.,</subfield>
            <subfield code="e">author.</subfield>
        </datafield>
        <datafield tag="700" ind1="1" ind2=" ">
            <subfield code="a">Oleck, Jack,</subfield>
            <subfield code="e">author.</subfield>
        </datafield>
    </record>