
    <record>
        <leader>02682cim a22004694a 4500</leader>
        <controlfield tag="001">15430481</controlfield>
        <controlfield tag="005">20180212085730.0</controlfield>
        <controlfield tag="007">sd fsngnnmmneu</controlfield>
        <controlfield tag="008">080827s2006    dcunnn|        z| | eng  </controlfield>
        <datafield tag="010" ind1=" " ind2=" ">
            <subfield code="a">  2008648884</subfield>
        </datafield>
        <datafield tag="100" ind1="1" ind2=" ">
            <subfield code="a">Stone, Dan.</subfield>
        </datafield>
        <datafield tag="245" ind1="1" ind2="3">
            <subfield code="a">An introduction to Fahrenheit 451 by Ray Bradbury</subfield>
            <subfield code="h">[sound recording] :</subfield>
            <subfield code="b">audio guide /</subfield>
            <subfield code="c">written and produced by Dan Stone.</subfield>
        </datafield>
        <datafield tag="260" ind1=" " ind2=" ">
            <subfield code="a">[Washington, D.C.] :</subfield>
            <subfield code="b">National Endowment for the Arts,</subfield>
            <subfield code="c">[2006]</subfield>
        </datafield>
        <datafield tag="300" ind1=" " ind2=" ">
            <subfield code="a">1 sound disc (38 min., 54 sec.) :</subfield>
            <subfield code="b">digital ;</subfield>
            <subfield code="c">4 3/4 in.</subfield>
        </datafield>
        <datafield tag="336" ind1=" " ind2=" ">
            <subfield code="a">spoken word</subfield>
            <subfield code="0">http://rdaregistry.info/termList/RDAContentType/1013</subfield>
        </datafield>
        <datafield tag="337" ind1=" " ind2=" ">
            <subfield code="a">audio</subfield>
            <subfield code="0">http://rdaregistry.info/termList/RDAMediaType/1001</subfield>
        </datafield>
        <datafield tag="338" ind1=" " ind2=" ">
            <subfield code="a">audio disc</subfield>
            <subfield code="0">http://rdaregistry.info/termList/RDACarrierType/1004</subfield>
        </datafield>
        <datafield tag="380" ind1=" " ind2=" ">
            <subfield code="a">Language-based work</subfield>
            <subfield code="0">https://schema.nb.no/Bibliographic/Values/V1000</subfield>
        </datafield>
        <datafield tag="490" ind1="0" ind2=" ">
            <subfield code="a">Big read</subfield>
        </datafield>
        <datafield tag="500" ind1=" " ind2=" ">
            <subfield code="a">"The Big Read is an initiative of the National Endowment for the Arts, developed in partnership with the Institute of Museum and Library Services and in cooperation with Arts Midwest"--Container.</subfield>
        </datafield>
        <datafield tag="500" ind1=" " ind2=" ">
            <subfield code="a">Compact disc.</subfield>
        </datafield>
        <datafield tag="505" ind1="0" ind2=" ">
            <subfield code="a">Radio program -- Bonus tracks: Ray Bradbury on his favorite book -- Orson Scott Card on the power of storytelling -- Luis Alberto Urrea on his family's relationship to Fahrenheit 451 -- Sam Weller on Bradbury's office -- Sam Weller on the rejection of Fahrenheit 451 -- Hector Elizondo reads from Fahrenheit 451 -- Hector Elizondo reads from the concluding pages of Fahrenheit 451.</subfield>
        </datafield>
        <datafield tag="511" ind1="0" ind2=" ">
            <subfield code="a">Narrated by Dana Gioia ; readings by Hector Elizondo ; featuring Ray Bradbury, Orson Scott Card, John Crowley, Paquito D'Rivera, Nat Hentoff, Ursula K. Le Guin, Azar Nafisi, Luis Alberto Urrea, and Sam Weller.</subfield>
        </datafield>
        <datafield tag="520" ind1=" " ind2=" ">
            <subfield code="a">Readings of excerpts from and critical analysis of Ray Bradbury's Fahrenheit 451, a novel about a future American society that embraces hedonism and bans critical thought through reading.</subfield>
        </datafield>
        <datafield tag="600" ind1="1" ind2="0">
            <subfield code="a">Bradbury, Ray,</subfield>
            <subfield code="d">1920-2012</subfield>
            <subfield code="x">Criticism and interpretation.</subfield>
        </datafield>
        <datafield tag="600" ind1="1" ind2="0">
            <subfield code="a">Bradbury, Ray,</subfield>
            <subfield code="d">1920-2012.</subfield>
            <subfield code="t">Fahrenheit 451.</subfield>
        </datafield>
        <datafield tag="700" ind1="1" ind2=" ">
            <subfield code="a">Bradbury, Ray,</subfield>
            <subfield code="d">1920-2012.</subfield>
            <subfield code="4">spk</subfield>
        </datafield>
        <datafield tag="700" ind1="1" ind2=" ">
            <subfield code="a">Card, Orson Scott.</subfield>
            <subfield code="4">spk</subfield>
        </datafield>
        <datafield tag="700" ind1="1" ind2=" ">
            <subfield code="a">Crowley, John,</subfield>
            <subfield code="d">1942-</subfield>
            <subfield code="4">spk</subfield>
        </datafield>
        <datafield tag="700" ind1="1" ind2=" ">
            <subfield code="a">D'Rivera, Paquito,</subfield>
            <subfield code="d">1948-</subfield>
            <subfield code="4">spk</subfield>
        </datafield>
        <datafield tag="700" ind1="1" ind2=" ">
            <subfield code="a">Elizondo, Hector.</subfield>
            <subfield code="4">nrt</subfield>
        </datafield>
        <datafield tag="700" ind1="1" ind2=" ">
            <subfield code="a">Gioia, Dana.</subfield>
            <subfield code="4">nrt</subfield>
        </datafield>
        <datafield tag="700" ind1="1" ind2=" ">
            <subfield code="a">Hentoff, Nat.</subfield>
            <subfield code="4">spk</subfield>
        </datafield>
        <datafield tag="700" ind1="1" ind2=" ">
            <subfield code="a">Le Guin, Ursula K.,</subfield>
            <subfield code="d">1929-2018.</subfield>
            <subfield code="4">spk</subfield>
        </datafield>
        <datafield tag="700" ind1="1" ind2=" ">
            <subfield code="a">Nafisi, Azar.</subfield>
            <subfield code="4">spk</subfield>
        </datafield>
        <datafield tag="700" ind1="1" ind2=" ">
            <subfield code="a">Urrea, Luis Alberto.</subfield>
            <subfield code="4">spk</subfield>
        </datafield>
        <datafield tag="700" ind1="1" ind2=" ">
            <subfield code="a">Weller, Sam,</subfield>
            <subfield code="d">1967-</subfield>
            <subfield code="4">spk</subfield>
        </datafield>
        <datafield tag="700" ind1="1" ind2="2">
            <subfield code="a">Bradbury, Ray,</subfield>
            <subfield code="d">1920-2012.</subfield>
            <subfield code="t">Fahrenheit 451.</subfield>
            <subfield code="k">Selections.</subfield>
        </datafield>
        <datafield tag="710" ind1="2" ind2=" ">
            <subfield code="a">Arts Midwest (Organization : Minneapolis, Minn.)</subfield>
        </datafield>
        <datafield tag="710" ind1="2" ind2=" ">
            <subfield code="a">Institute of Museum and Library Services (U.S.)</subfield>
        </datafield>
        <datafield tag="710" ind1="2" ind2=" ">
            <subfield code="a">National Endowment for the Arts.</subfield>
        </datafield>
    </record>