
    <record>
        <leader>02893cim a22004694a 4500</leader>
        <controlfield tag="001">15430453</controlfield>
        <controlfield tag="005">20120606120425.0</controlfield>
        <controlfield tag="007">sd fsngnnmmneu</controlfield>
        <controlfield tag="008">080827s2006    dcunnn|        t| | eng  </controlfield>
        <datafield tag="010" ind1=" " ind2=" ">
            <subfield code="a">  2008648881</subfield>
        </datafield>
        <datafield tag="100" ind1="1" ind2=" ">
            <subfield code="a">Stone, Dan.</subfield>
        </datafield>
        <datafield tag="245" ind1="1" ind2="3">
            <subfield code="a">An Introduction to The grapes of wrath by John Steinbeck</subfield>
            <subfield code="h">[sound recording] :</subfield>
            <subfield code="b">audio guide /</subfield>
            <subfield code="c">written and produced by Dan Stone.</subfield>
        </datafield>
        <datafield tag="260" ind1=" " ind2=" ">
            <subfield code="a">[Washington, D.C.] :</subfield>
            <subfield code="b">National Endowment for the Arts,</subfield>
            <subfield code="c">[2006]</subfield>
        </datafield>
        <datafield tag="300" ind1=" " ind2=" ">
            <subfield code="a">1 sound disc (38 min., 30 sec.) :</subfield>
            <subfield code="b">digital ;</subfield>
            <subfield code="c">4 3/4 in.</subfield>
        </datafield>
        <datafield tag="336" ind1=" " ind2=" ">
            <subfield code="a">text</subfield>
            <subfield code="0">http://rdaregistry.info/termList/RDAContentType/1020</subfield>
        </datafield>
        <datafield tag="337" ind1=" " ind2=" ">
            <subfield code="a">unmediated</subfield>
            <subfield code="0">http://rdaregistry.info/termList/RDAMediaType/1007</subfield>
        </datafield>
        <datafield tag="338" ind1=" " ind2=" ">
            <subfield code="a">volume</subfield>
            <subfield code="0">http://rdaregistry.info/termList/RDACarrierType/1049</subfield>
        </datafield>
        <datafield tag="380" ind1=" " ind2=" ">
            <subfield code="a">Language-based work</subfield>
            <subfield code="0">https://schema.nb.no/Bibliographic/Values/V1000</subfield>
        </datafield>
        <datafield tag="490" ind1="0" ind2=" ">
            <subfield code="a">Big read</subfield>
        </datafield>
        <datafield tag="500" ind1=" " ind2=" ">
            <subfield code="a">"The Big Read is an initiative of the National Endowment for the Arts, developed in partnership with the Institute of Museum and Library Services and in cooperation with Arts Midwest"--Insert.</subfield>
        </datafield>
        <datafield tag="500" ind1=" " ind2=" ">
            <subfield code="a">Compact disc.</subfield>
        </datafield>
        <datafield tag="505" ind1="0" ind2=" ">
            <subfield code="a">Radio program -- Bonus tracks: John Steinbeck describes his childhood to Eleanor Roosevelt -- Jay Parini on the self-education of John Steinbeck -- Ray Bradbury and Richard Rodriguez on the structure of The Grapes of wrath -- Susan Shillinglaw on Steinbeck's love of music -- Lawson Inada on the diverse migrant experience in California -- Thom Steinbeck, Ed Harris, and Susan Shillinglaw on the power of Ma Joad -- Rick Wartzman on the negative reactions to The Grapes of wrath -- Thom Steinbeck on how his father made him a reader.</subfield>
        </datafield>
        <datafield tag="511" ind1="0" ind2=" ">
            <subfield code="a">Narrated by Dana Gioia ; readings by Ed Harris ; featuring Ray Bradbury, Lawson Fusao Inada, Jay Parini, Richard Rodriguez, Susan Shillinglaw, Kevin Starr, Thom Steinbeck, Susan Straight, and Rich Wartzman.</subfield>
        </datafield>
        <datafield tag="520" ind1=" " ind2=" ">
            <subfield code="a">Readings of excerpts from and critical analysis of John Steinbeck's The Grapes of Wrath, a novel about a poor family of sharecroppers who are driven from their home by drought, economic hardship, and changes in the agriculture industry during the Great Depression.</subfield>
        </datafield>
        <datafield tag="600" ind1="1" ind2="0">
            <subfield code="a">Steinbeck, John,</subfield>
            <subfield code="d">1902-1968</subfield>
            <subfield code="x">Criticism and interpretation.</subfield>
        </datafield>
        <datafield tag="600" ind1="1" ind2="0">
            <subfield code="a">Steinbeck, John,</subfield>
            <subfield code="d">1902-1968.</subfield>
            <subfield code="t">Grapes of wrath.</subfield>
        </datafield>
        <datafield tag="700" ind1="1" ind2=" ">
            <subfield code="a">Bradbury, Ray,</subfield>
            <subfield code="d">1920-2012.</subfield>
            <subfield code="4">spk</subfield>
        </datafield>
        <datafield tag="700" ind1="1" ind2=" ">
            <subfield code="a">Gioia, Dana.</subfield>
            <subfield code="4">nrt</subfield>
        </datafield>
        <datafield tag="700" ind1="1" ind2=" ">
            <subfield code="a">Harris, Ed,</subfield>
            <subfield code="d">1950-</subfield>
            <subfield code="4">nrt</subfield>
        </datafield>
        <datafield tag="700" ind1="1" ind2=" ">
            <subfield code="a">Inada, Lawson Fusao.</subfield>
            <subfield code="4">spk</subfield>
        </datafield>
        <datafield tag="700" ind1="1" ind2=" ">
            <subfield code="a">Parini, Jay.</subfield>
            <subfield code="4">spk</subfield>
        </datafield>
        <datafield tag="700" ind1="1" ind2=" ">
            <subfield code="a">Rodriguez, Richard.</subfield>
            <subfield code="4">spk</subfield>
        </datafield>
        <datafield tag="700" ind1="1" ind2=" ">
            <subfield code="a">Shillinglaw, Susan.</subfield>
            <subfield code="4">spk</subfield>
        </datafield>
        <datafield tag="700" ind1="1" ind2=" ">
            <subfield code="a">Starr, Kevin.</subfield>
            <subfield code="4">spk</subfield>
        </datafield>
        <datafield tag="700" ind1="1" ind2=" ">
            <subfield code="a">Steinbeck, Thomas.</subfield>
            <subfield code="4">spk</subfield>
        </datafield>
        <datafield tag="700" ind1="1" ind2=" ">
            <subfield code="a">Straight, Susan.</subfield>
            <subfield code="4">spk</subfield>
        </datafield>
        <datafield tag="700" ind1="1" ind2=" ">
            <subfield code="a">Wartzman, Rick.</subfield>
            <subfield code="4">spk</subfield>
        </datafield>
        <datafield tag="700" ind1="1" ind2="2">
            <subfield code="a">Steinbeck, John,</subfield>
            <subfield code="d">1902-1968.</subfield>
            <subfield code="t">Grapes of wrath.</subfield>
            <subfield code="k">Selections.</subfield>
        </datafield>
        <datafield tag="710" ind1="2" ind2=" ">
            <subfield code="a">Arts Midwest (Organization : Minneapolis, Minn.)</subfield>
        </datafield>
        <datafield tag="710" ind1="2" ind2=" ">
            <subfield code="a">Institute of Museum and Library Services (U.S.)</subfield>
        </datafield>
        <datafield tag="710" ind1="2" ind2=" ">
            <subfield code="a">National Endowment for the Arts.</subfield>
        </datafield>
    </record>