
    <record>
        <leader>02499cam a22005057i 4500</leader>
        <controlfield tag="001">21420638</controlfield>
        <controlfield tag="005">20200206143137.0</controlfield>
        <controlfield tag="008">200206s1974    cauaf    c    000 0 eng d</controlfield>
        <datafield tag="010" ind1=" " ind2=" ">
            <subfield code="a">  2020218580</subfield>
        </datafield>
        <datafield tag="043" ind1=" " ind2=" ">
            <subfield code="a">n-us---</subfield>
        </datafield>
        <datafield tag="082" ind1="0" ind2="4">
            <subfield code="a">741.5973</subfield>
            <subfield code="2">21</subfield>
        </datafield>
        <datafield tag="097" ind1="0" ind2="0">
            <subfield code="a">NC1427.I80</subfield>
            <subfield code="b">C30</subfield>
        </datafield>
        <datafield tag="110" ind1="2" ind2=" ">
            <subfield code="a">University of California, Irvine.</subfield>
            <subfield code="b">Art Gallery.</subfield>
        </datafield>
        <datafield tag="245" ind1="1" ind2="4">
            <subfield code="a">The cartoon show :</subfield>
            <subfield code="b">original works by 150 outstanding American cartoonists, selected from the Jerome K. Muller Collection /</subfield>
            <subfield code="c">introduction by Ray Bradbury.</subfield>
        </datafield>
        <datafield tag="264" ind1=" " ind2="1">
            <subfield code="a">[Irvine] :</subfield>
            <subfield code="b">[University of California at Irvine, Art Gallery],</subfield>
            <subfield code="c">[1974]</subfield>
        </datafield>
        <datafield tag="300" ind1=" " ind2=" ">
            <subfield code="a">24 unnumbered pages, 5 leaves of plates :</subfield>
            <subfield code="b">black-and-white illustrations, plates ;</subfield>
            <subfield code="c">28 cm</subfield>
        </datafield>
        <datafield tag="336" ind1=" " ind2=" ">
            <subfield code="a">still image</subfield>
            <subfield code="b">sti</subfield>
            <subfield code="2">rdacontent</subfield>
        </datafield>
        <datafield tag="336" ind1=" " ind2=" ">
            <subfield code="a">text</subfield>
            <subfield code="b">txt</subfield>
            <subfield code="2">rdacontent</subfield>
            <subfield code="0">http://rdaregistry.info/termList/RDAContentType/1020</subfield>
        </datafield>
        <datafield tag="337" ind1=" " ind2=" ">
            <subfield code="a">unmediated</subfield>
            <subfield code="b">n</subfield>
            <subfield code="2">rdamedia</subfield>
            <subfield code="0">http://rdaregistry.info/termList/RDAMediaType/1007</subfield>
        </datafield>
        <datafield tag="338" ind1=" " ind2=" ">
            <subfield code="a">volume</subfield>
            <subfield code="b">nc</subfield>
            <subfield code="2">rdacarrier</subfield>
            <subfield code="0">http://rdaregistry.info/termList/RDACarrierType/1049</subfield>
        </datafield>
        <datafield tag="500" ind1=" " ind2=" ">
            <subfield code="a">Catalog of an exhibition held at the Art Gallery, School of Fine Arts, University of California, Irvine, September 27-October 27[,1974].</subfield>
        </datafield>
        <datafield tag="500" ind1=" " ind2=" ">
            <subfield code="a">Essays by Hal Glicksman and Jerome K. Muller.</subfield>
        </datafield>
        <datafield tag="600" ind1="1" ind2="0">
            <subfield code="a">Muller, Jerome K.</subfield>
            <subfield code="x">Art collections</subfield>
            <subfield code="v">Exhibitions.</subfield>
        </datafield>
        <datafield tag="600" ind1="1" ind2="7">
            <subfield code="a">Muller, Jerome K.</subfield>
            <subfield code="2">fast</subfield>
            <subfield code="0">(OCoLC)fst00176572</subfield>
        </datafield>
        <datafield tag="700" ind1="1" ind2=" ">
            <subfield code="a">Bradbury, Ray,</subfield>
            <subfield code="d">1920-2012,</subfield>
            <subfield code="e">contributor.</subfield>
        </datafield>
        <datafield tag="700" ind1="1" ind2=" ">
            <subfield code="a">Glicksman, Hal,</subfield>
            <subfield code="e">contributor.</subfield>
        </datafield>
        <datafield tag="700" ind1="1" ind2=" ">
            <subfield code="a">Muller, Jerome K.,</subfield>
            <subfield code="e">contributor.</subfield>
        </datafield>
        <datafield tag="776" ind1="0" ind2="8">
            <subfield code="i">Online version:</subfield>
            <subfield code="t">Cartoon show.</subfield>
            <subfield code="d">[Irvine] : Art Gallery, School of Fine Arts, University of California, Irvine, [1974]</subfield>
            <subfield code="w">(OCoLC)757705907</subfield>
        </datafield>
    </record>