
    <record>
        <leader>01955cam a2200373 a 4500</leader>
        <controlfield tag="001">16181629</controlfield>
        <controlfield tag="005">20140922113512.0</controlfield>
        <controlfield tag="008">100409s2010    nyuaf         001 0deng d</controlfield>
        <datafield tag="010" ind1=" " ind2=" ">
            <subfield code="a">  2010926572</subfield>
        </datafield>
        <datafield tag="016" ind1="7" ind2=" ">
            <subfield code="a">015541921</subfield>
            <subfield code="2">Uk</subfield>
        </datafield>
        <datafield tag="020" ind1=" " ind2=" ">
            <subfield code="a">1935554034 (pbk.)</subfield>
        </datafield>
        <datafield tag="020" ind1=" " ind2=" ">
            <subfield code="a">9781935554035 (pbk.)</subfield>
        </datafield>
        <datafield tag="043" ind1=" " ind2=" ">
            <subfield code="a">n-us---</subfield>
        </datafield>
        <datafield tag="082" ind1="0" ind2="4">
            <subfield code="a">813.54</subfield>
            <subfield code="2">22</subfield>
        </datafield>
        <datafield tag="100" ind1="1" ind2=" ">
            <subfield code="a">Weller, Sam,</subfield>
            <subfield code="d">1967-</subfield>
        </datafield>
        <datafield tag="245" ind1="1" ind2="0">
            <subfield code="a">Listen to the echoes :</subfield>
            <subfield code="b">the Ray Bradbury interviews /</subfield>
            <subfield code="c">Sam Weller ; photography by Zen Sekizawa ; with a foreword by Black Francis.</subfield>
        </datafield>
        <datafield tag="246" ind1="3" ind2="0">
            <subfield code="a">Ray Bradbury interviews</subfield>
        </datafield>
        <datafield tag="260" ind1=" " ind2=" ">
            <subfield code="a">Brooklyn, N.Y. :</subfield>
            <subfield code="b">Melville House ;</subfield>
            <subfield code="a">Chicago, IL :</subfield>
            <subfield code="b">Stopsmiling Books,</subfield>
            <subfield code="c">c2010.</subfield>
        </datafield>
        <datafield tag="300" ind1=" " ind2=" ">
            <subfield code="a">317 p., [16] p. of plates :</subfield>
            <subfield code="b">ill. ;</subfield>
            <subfield code="c">21 cm.</subfield>
        </datafield>
        <datafield tag="336" ind1=" " ind2=" ">
            <subfield code="a">text</subfield>
            <subfield code="0">http://rdaregistry.info/termList/RDAContentType/1020</subfield>
        </datafield>
        <datafield tag="337" ind1=" " ind2=" ">
            <subfield code="a">unmediated</subfield>
            <subfield code="0">http://rdaregistry.info/termList/RDAMediaType/1007</subfield>
        </datafield>
        <datafield tag="338" ind1=" " ind2=" ">
            <subfield code="a">volume</subfield>
            <subfield code="0">http://rdaregistry.info/termList/RDACarrierType/1049</subfield>
        </datafield>
        <datafield tag="380" ind1=" " ind2=" ">
            <subfield code="a">Language-based work</subfield>
            <subfield code="0">https://schema.nb.no/Bibliographic/Values/V1000</subfield>
        </datafield>
        <datafield tag="500" ind1=" " ind2=" ">
            <subfield code="a">Includes index.</subfield>
        </datafield>
        <datafield tag="505" ind1="0" ind2=" ">
            <subfield code="a">Foreword / Black Francis -- Introduction -- Childhood -- Hollywood -- Fame and celebrity -- Famous friends -- His own work -- Faith -- Art and literature -- Politics -- Sexuality -- Writing and creativity -- Science fiction -- Life, living &amp; the pursuit of happiness -- Visions of the future -- Appendix: The lost Paris Review interview.</subfield>
        </datafield>
        <datafield tag="520" ind1=" " ind2=" ">
            <subfield code="a">Collects the author's interviews with Ray Bradbury, as Bradbury reveals his opinions, musings, and personal stories, also includes a script of an unpublished interview done by the "Paris Review."</subfield>
        </datafield>
        <datafield tag="600" ind1="1" ind2="0">
            <subfield code="a">Bradbury, Ray,</subfield>
            <subfield code="d">1920-2012</subfield>
            <subfield code="v">Interviews.</subfield>
        </datafield>
        <datafield tag="700" ind1="1" ind2=" ">
            <subfield code="a">Bradbury, Ray,</subfield>
            <subfield code="d">1920-2012.</subfield>
        </datafield>
    </record>