
    <record>
        <leader>00928nam a2200253 a 4500</leader>
        <controlfield tag="001">990100888630107026</controlfield>
        <controlfield tag="003">UkOxU</controlfield>
        <controlfield tag="005">19960508212951.0</controlfield>
        <controlfield tag="008">880808s1978    fr            000 0 fre  </controlfield>
        <datafield tag="010" ind1=" " ind2=" ">
            <subfield code="a">78-92324</subfield>
        </datafield>
        <datafield tag="092" ind1=" " ind2=" ">
            <subfield code="a">D0400137624</subfield>
        </datafield>
        <datafield tag="100" ind1="1" ind2=" ">
            <subfield code="a">Soriano, Marc.</subfield>
        </datafield>
        <datafield tag="245" ind1="1" ind2="0">
            <subfield code="a">Portrait de l'artiste jeune ; suivi des quatre premiers textes publiés de Jules Verne /</subfield>
            <subfield code="c">Marc Soriano ; postface de Ray Bradbury</subfield>
        </datafield>
        <datafield tag="260" ind1=" " ind2=" ">
            <subfield code="a">[Paris] :</subfield>
            <subfield code="b">Gallimard,</subfield>
            <subfield code="c">c1978</subfield>
        </datafield>
        <datafield tag="300" ind1=" " ind2=" ">
            <subfield code="a">227 p. ;</subfield>
            <subfield code="c">21 cm</subfield>
        </datafield>
        <datafield tag="336" ind1=" " ind2=" ">
            <subfield code="a">text</subfield>
            <subfield code="0">http://rdaregistry.info/termList/RDAContentType/1020</subfield>
        </datafield>
        <datafield tag="337" ind1=" " ind2=" ">
            <subfield code="a">unmediated</subfield>
            <subfield code="0">http://rdaregistry.info/termList/RDAMediaType/1007</subfield>
        </datafield>
        <datafield tag="338" ind1=" " ind2=" ">
            <subfield code="a">volume</subfield>
            <subfield code="0">http://rdaregistry.info/termList/RDACarrierType/1049</subfield>
        </datafield>
        <datafield tag="380" ind1=" " ind2=" ">
            <subfield code="a">Language-based work</subfield>
            <subfield code="0">https://schema.nb.no/Bibliographic/Values/V1000</subfield>
        </datafield>
        <datafield tag="505" ind1="2" ind2=" ">
            <subfield code="a">Verne, J. Les premiers navires de la marine mexicaine. Un voyage en ballon. Les châteaux en Californie. Martin Paz</subfield>
        </datafield>
        <datafield tag="600" ind1="1" ind2="0">
            <subfield code="a">Verne, Jules,</subfield>
            <subfield code="d">1828-1905</subfield>
            <subfield code="x">Criticism and interpretation.</subfield>
        </datafield>
        <datafield tag="700" ind1="1" ind2=" ">
            <subfield code="a">Bradbury, Ray,</subfield>
            <subfield code="d">1920-2012.</subfield>
        </datafield>
        <datafield tag="700" ind1="1" ind2=" ">
            <subfield code="a">Verne, Jules,</subfield>
            <subfield code="d">1828-1905.</subfield>
        </datafield>
        <datafield tag="740" ind1="0" ind2=" ">
            <subfield code="a">Portrait de l'artiste jeune</subfield>
        </datafield>
    </record>