
    <record>
        <leader>01278nam a2200325 a 4500</leader>
        <controlfield tag="001">990101187010107026</controlfield>
        <controlfield tag="003">UkOxU</controlfield>
        <controlfield tag="005">20110706061714.0</controlfield>
        <controlfield tag="008">880808s1979    fr       b    100 0 fre  </controlfield>
        <datafield tag="010" ind1=" " ind2=" ">
            <subfield code="a">80-14908 //r84</subfield>
        </datafield>
        <datafield tag="020" ind1=" " ind2=" ">
            <subfield code="a">2264002271</subfield>
        </datafield>
        <datafield tag="092" ind1=" " ind2=" ">
            <subfield code="a">D0400273693</subfield>
        </datafield>
        <datafield tag="099" ind1=" " ind2=" ">
            <subfield code="a">*ML FZ.VER7 - 7&amp; - H9</subfield>
        </datafield>
        <datafield tag="245" ind1="0" ind2="0">
            <subfield code="a">Jules Verne et les sciences humaines :</subfield>
            <subfield code="b">communications ... interventions /</subfield>
            <subfield code="c">Centre culturel international de Cerisy-la-Salle ... [Colloque, 11-21 juillet 1978, organisé par le Centre universitaire de recherches verniennes de l'Université de Nantes] ; direction, François Raymond, Simone Vierne.</subfield>
        </datafield>
        <datafield tag="260" ind1=" " ind2=" ">
            <subfield code="a">Paris :</subfield>
            <subfield code="b">Union Générale d'Éditions,</subfield>
            <subfield code="c">1979</subfield>
        </datafield>
        <datafield tag="300" ind1=" " ind2=" ">
            <subfield code="a">443 p. ;</subfield>
            <subfield code="c">18 cm.</subfield>
        </datafield>
        <datafield tag="336" ind1=" " ind2=" ">
            <subfield code="a">text</subfield>
            <subfield code="0">http://rdaregistry.info/termList/RDAContentType/1020</subfield>
        </datafield>
        <datafield tag="337" ind1=" " ind2=" ">
            <subfield code="a">unmediated</subfield>
            <subfield code="0">http://rdaregistry.info/termList/RDAMediaType/1007</subfield>
        </datafield>
        <datafield tag="338" ind1=" " ind2=" ">
            <subfield code="a">volume</subfield>
            <subfield code="0">http://rdaregistry.info/termList/RDACarrierType/1049</subfield>
        </datafield>
        <datafield tag="380" ind1=" " ind2=" ">
            <subfield code="a">Language-based work</subfield>
            <subfield code="0">https://schema.nb.no/Bibliographic/Values/V1000</subfield>
        </datafield>
        <datafield tag="490" ind1="1" ind2=" ">
            <subfield code="a">10/18 ;</subfield>
            <subfield code="v">1333</subfield>
        </datafield>
        <datafield tag="504" ind1=" " ind2=" ">
            <subfield code="a">Includes bibliographical references</subfield>
        </datafield>
        <datafield tag="600" ind1="1" ind2="0">
            <subfield code="a">Verne, Jules,</subfield>
            <subfield code="d">1828-1905</subfield>
            <subfield code="x">Criticism and interpretation</subfield>
            <subfield code="x">Congresses.</subfield>
        </datafield>
        <datafield tag="700" ind1="1" ind2=" ">
            <subfield code="a">Bradbury, Ray,</subfield>
            <subfield code="d">1920-2012.</subfield>
        </datafield>
        <datafield tag="700" ind1="1" ind2=" ">
            <subfield code="a">Raymond, François.</subfield>
        </datafield>
        <datafield tag="700" ind1="1" ind2=" ">
            <subfield code="a">Vierne, Simone.</subfield>
        </datafield>
        <datafield tag="710" ind1="2" ind2=" ">
            <subfield code="a">Centre culturel international de Cerisy-la-Salle.</subfield>
        </datafield>
        <datafield tag="710" ind1="2" ind2=" ">
            <subfield code="a">Centre universitaire de recherches verniennes.</subfield>
        </datafield>
        <datafield tag="830" ind1=" " ind2="0">
            <subfield code="a">10/18 ;</subfield>
            <subfield code="v">1333</subfield>
        </datafield>
    </record>