
    <record>
        <leader>00658nam a2200217 a 4500</leader>
        <controlfield tag="001">990103967070107026</controlfield>
        <controlfield tag="003">UkOxU</controlfield>
        <controlfield tag="005">19960512063206.0</controlfield>
        <controlfield tag="008">910107s1977    sz            000 1 ger d</controlfield>
        <datafield tag="020" ind1=" " ind2=" ">
            <subfield code="a">3257203659</subfield>
        </datafield>
        <datafield tag="041" ind1="1" ind2=" ">
            <subfield code="a">ger</subfield>
            <subfield code="h">eng</subfield>
        </datafield>
        <datafield tag="092" ind1=" " ind2=" ">
            <subfield code="a">D0400750192</subfield>
        </datafield>
        <datafield tag="100" ind1="1" ind2=" ">
            <subfield code="a">Bradbury, Ray,</subfield>
            <subfield code="d">1920-2012.</subfield>
            <subfield code="1">http://viaf.org/viaf/12305881</subfield>
            <subfield code="4">http://rdaregistry.info/Elements/w/object/P10061</subfield>
        </datafield>
        <datafield tag="240" ind1="1" ind2="4">
            <subfield code="a">The illustrated man</subfield>
            <subfield code="1">http://viaf.org/viaf/2146095153500370503</subfield>
        </datafield>
        <datafield tag="245" ind1="1" ind2="4">
            <subfield code="a">Der illustrierte Mann :</subfield>
            <subfield code="b">Erzählungen /</subfield>
            <subfield code="c">Ray Bradbury ; aus dem Amerikanischen von Peter Naujack</subfield>
        </datafield>
        <datafield tag="260" ind1=" " ind2=" ">
            <subfield code="a">Zürich :</subfield>
            <subfield code="b">Diogenes,</subfield>
            <subfield code="c">1977</subfield>
        </datafield>
        <datafield tag="300" ind1=" " ind2=" ">
            <subfield code="a">315 p. ;</subfield>
            <subfield code="c">18 cm</subfield>
        </datafield>
        <datafield tag="336" ind1=" " ind2=" ">
            <subfield code="a">text</subfield>
            <subfield code="0">http://rdaregistry.info/termList/RDAContentType/1020</subfield>
        </datafield>
        <datafield tag="337" ind1=" " ind2=" ">
            <subfield code="a">unmediated</subfield>
            <subfield code="0">http://rdaregistry.info/termList/RDAMediaType/1007</subfield>
        </datafield>
        <datafield tag="338" ind1=" " ind2=" ">
            <subfield code="a">volume</subfield>
            <subfield code="0">http://rdaregistry.info/termList/RDACarrierType/1049</subfield>
        </datafield>
        <datafield tag="380" ind1=" " ind2=" ">
            <subfield code="a">Language-based work</subfield>
            <subfield code="0">https://schema.nb.no/Bibliographic/Values/V1000</subfield>
        </datafield>
        <datafield tag="490" ind1="0" ind2=" ">
            <subfield code="a">Diogenes Taschenbuch ;</subfield>
            <subfield code="v">20365</subfield>
        </datafield>
        <datafield tag="700" ind1="1" ind2=" ">
            <subfield code="a">Naujack, Peter.</subfield>
        </datafield>
    </record>