
    <record>
        <leader>00833nam a22002532i 4500</leader>
        <controlfield tag="001">990112292540107026</controlfield>
        <controlfield tag="003">UkOxU</controlfield>
        <controlfield tag="005">19960602060124.0</controlfield>
        <controlfield tag="008">500101s1951    enk           000 1 eng d</controlfield>
        <datafield tag="010" ind1=" " ind2=" ">
            <subfield code="a">GB51-10735</subfield>
        </datafield>
        <datafield tag="082" ind1=" " ind2=" ">
            <subfield code="a">823.91</subfield>
            <subfield code="2">18</subfield>
        </datafield>
        <datafield tag="090" ind1=" " ind2=" ">
            <subfield code="a">PS3503.R118</subfield>
            <subfield code="b">S5 1951</subfield>
        </datafield>
        <datafield tag="092" ind1=" " ind2=" ">
            <subfield code="a">D0502291730</subfield>
        </datafield>
        <datafield tag="100" ind1="1" ind2=" ">
            <subfield code="a">Bradbury, Ray,</subfield>
            <subfield code="d">1920-2012.</subfield>
            <subfield code="1">http://viaf.org/viaf/12305881</subfield>
            <subfield code="4">http://rdaregistry.info/Elements/w/object/P10061</subfield>
        </datafield>
        <datafield tag="245" ind1="1" ind2="4">
            <subfield code="a">The silver locusts /</subfield>
            <subfield code="c">Ray Bradbury</subfield>
        </datafield>
        <datafield tag="260" ind1=" " ind2=" ">
            <subfield code="a">London :</subfield>
            <subfield code="b">Rupert Hart-Davis,</subfield>
            <subfield code="c">1951</subfield>
        </datafield>
        <datafield tag="300" ind1=" " ind2=" ">
            <subfield code="a">x, 13-231 p. ;</subfield>
            <subfield code="c">21 cm</subfield>
        </datafield>
        <datafield tag="336" ind1=" " ind2=" ">
            <subfield code="a">text</subfield>
            <subfield code="0">http://rdaregistry.info/termList/RDAContentType/1020</subfield>
        </datafield>
        <datafield tag="337" ind1=" " ind2=" ">
            <subfield code="a">unmediated</subfield>
            <subfield code="0">http://rdaregistry.info/termList/RDAMediaType/1007</subfield>
        </datafield>
        <datafield tag="338" ind1=" " ind2=" ">
            <subfield code="a">volume</subfield>
            <subfield code="0">http://rdaregistry.info/termList/RDACarrierType/1049</subfield>
        </datafield>
        <datafield tag="380" ind1=" " ind2=" ">
            <subfield code="a">Language-based work</subfield>
            <subfield code="0">https://schema.nb.no/Bibliographic/Values/V1000</subfield>
        </datafield>
        <datafield tag="500" ind1=" " ind2=" ">
            <subfield code="a">Contents vary slightly from U.S. edition, published under title: The Martian chronicles</subfield>
        </datafield>
        <datafield tag="700" ind1="1" ind2=" ">
            <subfield code="a">Bradbury, Ray,</subfield>
            <subfield code="d">1920-2012.</subfield>
            <subfield code="t">Martian chronicles.</subfield>
        </datafield>
    </record>