
    <record>
        <leader>00597nam a22002052i 4500</leader>
        <controlfield tag="001">990112292600107026</controlfield>
        <controlfield tag="003">UkOxU</controlfield>
        <controlfield tag="005">19960602060125.0</controlfield>
        <controlfield tag="008">500101t19511950nyu           000 1 eng d</controlfield>
        <datafield tag="090" ind1=" " ind2=" ">
            <subfield code="a">PS3503.R167</subfield>
            <subfield code="b">M35 1951</subfield>
        </datafield>
        <datafield tag="092" ind1=" " ind2=" ">
            <subfield code="a">D0502291742</subfield>
        </datafield>
        <datafield tag="100" ind1="1" ind2=" ">
            <subfield code="a">Bradbury, Ray,</subfield>
            <subfield code="d">1920-2012.</subfield>
            <subfield code="1">http://viaf.org/viaf/12305881</subfield>
            <subfield code="4">http://rdaregistry.info/Elements/w/object/P10061</subfield>
        </datafield>
        <datafield tag="240" ind1="1" ind2="4">
            <subfield code="a">The martian chronicles</subfield>
            <subfield code="l">Español</subfield>
            <subfield code="1">http://viaf.org/viaf/175761003</subfield>
        </datafield>
        <datafield tag="245" ind1="1" ind2="4">
            <subfield code="a">The Martian chronicles /</subfield>
            <subfield code="c">by Ray Bradbury</subfield>
        </datafield>
        <datafield tag="260" ind1=" " ind2=" ">
            <subfield code="a">New York :</subfield>
            <subfield code="b">Bantam,</subfield>
            <subfield code="c">1951, c1950</subfield>
        </datafield>
        <datafield tag="300" ind1=" " ind2=" ">
            <subfield code="a">200 p. ;</subfield>
            <subfield code="c">17 cm</subfield>
        </datafield>
        <datafield tag="336" ind1=" " ind2=" ">
            <subfield code="a">text</subfield>
            <subfield code="0">http://rdaregistry.info/termList/RDAContentType/1020</subfield>
        </datafield>
        <datafield tag="337" ind1=" " ind2=" ">
            <subfield code="a">unmediated</subfield>
            <subfield code="0">http://rdaregistry.info/termList/RDAMediaType/1007</subfield>
        </datafield>
        <datafield tag="338" ind1=" " ind2=" ">
            <subfield code="a">volume</subfield>
            <subfield code="0">http://rdaregistry.info/termList/RDACarrierType/1049</subfield>
        </datafield>
        <datafield tag="380" ind1=" " ind2=" ">
            <subfield code="a">Language-based work</subfield>
            <subfield code="0">https://schema.nb.no/Bibliographic/Values/V1000</subfield>
        </datafield>
    </record>