
    <record>
        <leader>01294nam a22002412a 4500</leader>
        <controlfield tag="001">990112294060107026</controlfield>
        <controlfield tag="003">UkOxU</controlfield>
        <controlfield tag="005">19960602060241.0</controlfield>
        <controlfield tag="008">500101s1979    cau           000 0 eng d</controlfield>
        <datafield tag="051" ind1=" " ind2=" ">
            <subfield code="a">PS3503.R167</subfield>
            <subfield code="b">T483</subfield>
            <subfield code="c">Copy 2</subfield>
        </datafield>
        <datafield tag="082" ind1=" " ind2=" ">
            <subfield code="a">811/.54</subfield>
            <subfield code="2">19</subfield>
        </datafield>
        <datafield tag="092" ind1=" " ind2=" ">
            <subfield code="a">D0502292058</subfield>
        </datafield>
        <datafield tag="100" ind1="1" ind2=" ">
            <subfield code="a">Bradbury, Ray,</subfield>
            <subfield code="d">1920-2012.</subfield>
            <subfield code="1">http://viaf.org/viaf/12305881</subfield>
            <subfield code="4">http://rdaregistry.info/Elements/w/object/P10061</subfield>
        </datafield>
        <datafield tag="245" ind1="1" ind2="0">
            <subfield code="a">This attic where the meadow greens /</subfield>
            <subfield code="c">Ray Bradbury</subfield>
        </datafield>
        <datafield tag="260" ind1=" " ind2=" ">
            <subfield code="a">Northridge, Calif. (19073 Los Alimos St., Northridge, CA 91326) :</subfield>
            <subfield code="b">Lord John Press,</subfield>
            <subfield code="c">1979</subfield>
        </datafield>
        <datafield tag="300" ind1=" " ind2=" ">
            <subfield code="a">43 p. ;</subfield>
            <subfield code="c">27 cm</subfield>
        </datafield>
        <datafield tag="336" ind1=" " ind2=" ">
            <subfield code="a">text</subfield>
            <subfield code="0">http://rdaregistry.info/termList/RDAContentType/1020</subfield>
        </datafield>
        <datafield tag="337" ind1=" " ind2=" ">
            <subfield code="a">unmediated</subfield>
            <subfield code="0">http://rdaregistry.info/termList/RDAMediaType/1007</subfield>
        </datafield>
        <datafield tag="338" ind1=" " ind2=" ">
            <subfield code="a">volume</subfield>
            <subfield code="0">http://rdaregistry.info/termList/RDACarrierType/1049</subfield>
        </datafield>
        <datafield tag="380" ind1=" " ind2=" ">
            <subfield code="a">Language-based work</subfield>
            <subfield code="0">https://schema.nb.no/Bibliographic/Values/V1000</subfield>
        </datafield>
        <datafield tag="500" ind1=" " ind2=" ">
            <subfield code="a">"This first edition ... is limited to three hundred numbered and 75 deluxe copies specially bound, all of which have been signed by the author"--Colophon</subfield>
        </datafield>
        <datafield tag="505" ind1="0" ind2=" ">
            <subfield code="a">Abandon in place -- This attic where the meadow greens -- Poem written at noon while passing through a small town in upper Illinois on June 25th, 1978 -- Melville--a requiem and a warning -- The Shakespeare banquet, the Kipling feast -- Shakespeare the father, Freud the son -- A miracle of Popes, all with one face! -- The bike repairmen -- If peaches could be painters -- Once the years were numerous and the funerals few</subfield>
        </datafield>
    </record>