
    <record>
        <leader>01111nam a22002772a 4500</leader>
        <controlfield tag="001">990112294440107026</controlfield>
        <controlfield tag="003">UkOxU</controlfield>
        <controlfield tag="005">20001107174606.0</controlfield>
        <controlfield tag="008">500101s1980    caua          000 1 eng d</controlfield>
        <datafield tag="020" ind1=" " ind2=" ">
            <subfield code="a">0935716033</subfield>
        </datafield>
        <datafield tag="020" ind1=" " ind2=" ">
            <subfield code="a">0935716041 (lim.ed.)</subfield>
        </datafield>
        <datafield tag="051" ind1=" " ind2=" ">
            <subfield code="a">PS3503.R167</subfield>
            <subfield code="b">L3 1980b</subfield>
            <subfield code="c">Another issue. "Deluxe edition of one hundred copies .. signed by the authors and the artist"-p. [ii] LC copy designated "Copyright Office #2." Issued in a case</subfield>
        </datafield>
        <datafield tag="082" ind1=" " ind2=" ">
            <subfield code="a">813/.54</subfield>
            <subfield code="2">19</subfield>
        </datafield>
        <datafield tag="092" ind1=" " ind2=" ">
            <subfield code="a">D0502292139</subfield>
        </datafield>
        <datafield tag="100" ind1="1" ind2=" ">
            <subfield code="a">Bradbury, Ray,</subfield>
            <subfield code="d">1920-2012.</subfield>
            <subfield code="1">http://viaf.org/viaf/12305881</subfield>
            <subfield code="4">http://rdaregistry.info/Elements/w/object/P10061</subfield>
        </datafield>
        <datafield tag="240" ind1="1" ind2="0">
            <subfield code="a">Last circus</subfield>
        </datafield>
        <datafield tag="245" ind1="1" ind2="4">
            <subfield code="a">The last circus ; &amp; The electrocution /</subfield>
            <subfield code="c">by Ray Bradbury ; introduction by William F. Nolan ; [illustration by Joe Mugnaini]</subfield>
        </datafield>
        <datafield tag="250" ind1=" " ind2=" ">
            <subfield code="a">1st ed</subfield>
        </datafield>
        <datafield tag="260" ind1=" " ind2=" ">
            <subfield code="a">Northridge, Calif. (19073 Los Alimos St., Northridge, Calif. 91326) :</subfield>
            <subfield code="b">Lord John Press,</subfield>
            <subfield code="c">1980</subfield>
        </datafield>
        <datafield tag="300" ind1=" " ind2=" ">
            <subfield code="a">xx, 29 p. :</subfield>
            <subfield code="b">1 ill. ;</subfield>
            <subfield code="c">24 cm</subfield>
        </datafield>
        <datafield tag="336" ind1=" " ind2=" ">
            <subfield code="a">text</subfield>
            <subfield code="0">http://rdaregistry.info/termList/RDAContentType/1020</subfield>
        </datafield>
        <datafield tag="337" ind1=" " ind2=" ">
            <subfield code="a">unmediated</subfield>
            <subfield code="0">http://rdaregistry.info/termList/RDAMediaType/1007</subfield>
        </datafield>
        <datafield tag="338" ind1=" " ind2=" ">
            <subfield code="a">volume</subfield>
            <subfield code="0">http://rdaregistry.info/termList/RDACarrierType/1049</subfield>
        </datafield>
        <datafield tag="380" ind1=" " ind2=" ">
            <subfield code="a">Language-based work</subfield>
            <subfield code="0">https://schema.nb.no/Bibliographic/Values/V1000</subfield>
        </datafield>
        <datafield tag="700" ind1="1" ind2=" ">
            <subfield code="a">Bradbury, Ray,</subfield>
            <subfield code="d">1920-2012.</subfield>
            <subfield code="t">Electrocution.</subfield>
        </datafield>
    </record>