
    <record>
        <leader>01142nam a22002532a 4500</leader>
        <controlfield tag="001">990115130030107026</controlfield>
        <controlfield tag="003">UkOxU</controlfield>
        <controlfield tag="005">20110704212148.0</controlfield>
        <controlfield tag="008">860101s1956    nyu           000 0 eng d</controlfield>
        <datafield tag="092" ind1=" " ind2=" ">
            <subfield code="a">D0502951738</subfield>
        </datafield>
        <datafield tag="100" ind1="1" ind2=" ">
            <subfield code="a">Bradbury, Ray,</subfield>
            <subfield code="d">1920-2012.</subfield>
            <subfield code="1">http://viaf.org/viaf/12305881</subfield>
            <subfield code="4">http://rdaregistry.info/Elements/w/object/P10061</subfield>
        </datafield>
        <datafield tag="245" ind1="1" ind2="4">
            <subfield code="a">The circus of Dr. Lao /</subfield>
            <subfield code="c">and other improbable stories, ed. by Ray Bradbury</subfield>
        </datafield>
        <datafield tag="250" ind1=" " ind2=" ">
            <subfield code="a">[1st ed.]</subfield>
        </datafield>
        <datafield tag="260" ind1=" " ind2=" ">
            <subfield code="a">New York :</subfield>
            <subfield code="b">Bantam Books,</subfield>
            <subfield code="c">[1956]</subfield>
        </datafield>
        <datafield tag="300" ind1=" " ind2=" ">
            <subfield code="a">xi, 210 p. ;</subfield>
            <subfield code="c">18 cm</subfield>
        </datafield>
        <datafield tag="336" ind1=" " ind2=" ">
            <subfield code="a">text</subfield>
            <subfield code="0">http://rdaregistry.info/termList/RDAContentType/1020</subfield>
        </datafield>
        <datafield tag="337" ind1=" " ind2=" ">
            <subfield code="a">unmediated</subfield>
            <subfield code="0">http://rdaregistry.info/termList/RDAMediaType/1007</subfield>
        </datafield>
        <datafield tag="338" ind1=" " ind2=" ">
            <subfield code="a">volume</subfield>
            <subfield code="0">http://rdaregistry.info/termList/RDACarrierType/1049</subfield>
        </datafield>
        <datafield tag="380" ind1=" " ind2=" ">
            <subfield code="a">Language-based work</subfield>
            <subfield code="0">https://schema.nb.no/Bibliographic/Values/V1000</subfield>
        </datafield>
        <datafield tag="490" ind1="1" ind2=" ">
            <subfield code="a">Bantam giant ;</subfield>
            <subfield code="v">A1519</subfield>
        </datafield>
        <datafield tag="505" ind1="0" ind2=" ">
            <subfield code="a">The circus of Dr. Lao, by C.G. Finney.--The pond, by N. Kneale.--The hour of letdown, by E.B. White.--The wish, by R. Dahl.--The summer people, by S. Jackson.--Earth's holocaust, by Hawthorne.--Buzby's petrified woman, by L. Eiseley.--The resting place, by O. LaFarge.--Threshold, by H. Kuttner.--Greenface, by J.H. Schmitz.--The limits of Walter Horton, by J.S. Sharnik.--The man who vanished, by R.M. Coates</subfield>
        </datafield>
        <datafield tag="830" ind1=" " ind2="0">
            <subfield code="a">Bantam giant ;</subfield>
            <subfield code="v">A1519.</subfield>
        </datafield>
    </record>