
    <record>
        <leader>02693ngm a2200445 a 4500</leader>
        <controlfield tag="001">990156352000107026</controlfield>
        <controlfield tag="003">UkOxU</controlfield>
        <controlfield tag="005">20100707091212.0</controlfield>
        <controlfield tag="007">vd cvaizm</controlfield>
        <controlfield tag="008">040127p20031966enk108 g          vleng d</controlfield>
        <datafield tag="028" ind1="4" ind2="0">
            <subfield code="a">8201478</subfield>
            <subfield code="b">Universal Studios</subfield>
        </datafield>
        <datafield tag="041" ind1="0" ind2=" ">
            <subfield code="a">eng</subfield>
            <subfield code="b">engfrespa</subfield>
        </datafield>        
        <datafield tag="130" ind1="1" ind2="0">
            <subfield code="a">Fahrenheit 451</subfield>
            <subfield code="1">https://www.imdb.com/title/tt0060390</subfield>
        </datafield>
        <datafield tag="245" ind1="0" ind2="0">
            <subfield code="a">Fahrenheit 451</subfield>
            <subfield code="h">[videorecording] /</subfield>
            <subfield code="c">Enterprise Vineyard Film Production ; producer, Lewis M. Allen ; director of photography, Nicholas Roeg ; film editor, Thom Noble ; music, Bernard Herrmann ; screenplay by François Truffaut and Jean-Louis Richard ; based on the novel by Ray Bradbury ; director, Francois Truffaut.</subfield>
        </datafield>
        <datafield tag="246" ind1="3" ind2=" ">
            <subfield code="a">Fahrenheit four fifty one</subfield>
            <subfield code="h">[videorecording]</subfield>
        </datafield>
        <datafield tag="246" ind1="3" ind2=" ">
            <subfield code="a">Fahrenheit four five one</subfield>
            <subfield code="h">[videorecording]</subfield>
        </datafield>
        <datafield tag="246" ind1="3" ind2=" ">
            <subfield code="a">Fahrenheit four hundred fifty one</subfield>
            <subfield code="h">[videorecording]</subfield>
        </datafield>
        <datafield tag="260" ind1=" " ind2=" ">
            <subfield code="a">U.K. :</subfield>
            <subfield code="b">Universal Studios,</subfield>
            <subfield code="c">c2003.</subfield>
        </datafield>
        <datafield tag="300" ind1=" " ind2=" ">
            <subfield code="a">1 DVD (108 min.) :</subfield>
            <subfield code="b">sd., col. ;</subfield>
            <subfield code="c">4 3/4 in.</subfield>
        </datafield>
        <datafield tag="336" ind1=" " ind2=" ">
            <subfield code="a">moving image</subfield>
            <subfield code="0">http://rdaregistry.info/termList/RDAContentType/1023</subfield>
        </datafield>
        <datafield tag="337" ind1=" " ind2=" ">
            <subfield code="a">video</subfield>
            <subfield code="0">http://rdaregistry.info/termList/RDAMediaType/1008</subfield>
        </datafield>
        <datafield tag="338" ind1=" " ind2=" ">
            <subfield code="a">DVD</subfield>
            <subfield code="0">http://rdaregistry.info/termList/RDACarrierType/1060</subfield>
        </datafield>
        <datafield tag="380" ind1=" " ind2=" ">
            <subfield code="a">movie</subfield>
            <subfield code="0">https://schema.nb.no/Bibliographic/Values/V1002</subfield>
        </datafield>
        <datafield tag="500" ind1=" " ind2=" ">
            <subfield code="a">A DVD release of the motion picture originally produced in 1966.</subfield>
        </datafield>
        <datafield tag="500" ind1=" " ind2=" ">
            <subfield code="a">Special features: the novel, a discussion with author Ray Bradbury; the making of Fahrenheit 451; feature commentary with Julie Christie; the music of Fahrenheit 451; the original title sequence of feature; photo poster gallery; theatrical trailer.</subfield>
        </datafield>
        <datafield tag="508" ind1=" " ind2=" ">
            <subfield code="a">Credits: producer, Lewis M. Allen ; director of photography, Nicholas Roeg ; film editor, Thom Noble ; music, Bernard Herrmann ; screenplay by François Truffaut and Jean-Louis Richard ; based on the novel by Ray Bradbury ; director, Francois Truffaut.</subfield>
        </datafield>
        <datafield tag="511" ind1="1" ind2=" ">
            <subfield code="a">Cast: Julie Christie, Oskar Werner, Cyril Cusack, Anton Diffring, Jeremy Spenser, Alex Scott.</subfield>
        </datafield>
        <datafield tag="520" ind1=" " ind2=" ">
            <subfield code="a">Montag, a regimented fireman in charge of burning the forbidden volumes, meets a revolutionary school teacher who dares to read. Suddenly he finds himself a hunted fugitive, forced to choose not only between two women, but between personal safety and intellectual freedom.</subfield>
        </datafield>
        <datafield tag="521" ind1=" " ind2=" ">
            <subfield code="a">UK cert. 12.</subfield>
        </datafield>
        <datafield tag="538" ind1=" " ind2=" ">
            <subfield code="a">DVD, Dolby Digital. Regions 2 or 4.</subfield>
        </datafield>
        <datafield tag="546" ind1=" " ind2=" ">
            <subfield code="a">In optional English/French/German dialogue with optional subtitles in English, French, German.</subfield>
        </datafield>
        <datafield tag="600" ind1="1" ind2="0">
            <subfield code="a">Bradbury, Ray,</subfield>
            <subfield code="d">1920-2012</subfield>
            <subfield code="v">Film adaptations.</subfield>
        </datafield>
        <datafield tag="700" ind1="1" ind2=" ">
            <subfield code="a">Bradbury, Ray,</subfield>
            <subfield code="d">1920-2012.</subfield>
            <subfield code="t">Fahrenheit 451.</subfield>
        </datafield>
        <datafield tag="700" ind1="1" ind2=" ">
            <subfield code="a">Christie, Julie,</subfield>
            <subfield code="d">1941-</subfield>
        </datafield>
        <datafield tag="700" ind1="1" ind2=" ">
            <subfield code="a">Cusack, Cyril,</subfield>
            <subfield code="d">1910-1993.</subfield>
        </datafield>
        <datafield tag="700" ind1="1" ind2=" ">
            <subfield code="a">Herrmann, Bernard,</subfield>
            <subfield code="d">1911-1975.</subfield>
        </datafield>
        <datafield tag="700" ind1="1" ind2=" ">
            <subfield code="a">Richard, Jean-Louis.</subfield>
        </datafield>
        <datafield tag="700" ind1="1" ind2=" ">
            <subfield code="a">Roeg, Nicolas,</subfield>
            <subfield code="d">1928-2018.</subfield>
        </datafield>
        <datafield tag="700" ind1="1" ind2=" ">
            <subfield code="a">Truffaut, François.</subfield>
        </datafield>
        <datafield tag="700" ind1="1" ind2=" ">
            <subfield code="a">Werner, Oskar,</subfield>
            <subfield code="d">1922-1984.</subfield>
        </datafield>
    </record>