
    <record>
        <leader>01237nam a2200229 a 4500</leader>
        <controlfield tag="001">990160486210107026</controlfield>
        <controlfield tag="003">UkOxU</controlfield>
        <controlfield tag="005">20060508101448.0</controlfield>
        <controlfield tag="008">060405s1978    fr            000 1 fre d</controlfield>
        <datafield tag="020" ind1=" " ind2=" ">
            <subfield code="a">2700701224</subfield>
        </datafield>
        <datafield tag="041" ind1="1" ind2=" ">
            <subfield code="a">fre</subfield>
            <subfield code="a">eng</subfield>
            <subfield code="h">eng</subfield>
        </datafield>
        <datafield tag="245" ind1="0" ind2="0">
            <subfield code="a">Science-fiction :</subfield>
            <subfield code="b">sept nouvelles = Science-fiction : 7 short stories /</subfield>
            <subfield code="c">par Ray Bradbury ... [et al.]. ; introduction par G. Cordesse ; traduction par Marie Tadié.</subfield>
        </datafield>
        <datafield tag="246" ind1="1" ind2="5">
            <subfield code="a">Sept nouvelles de science-fiction</subfield>
        </datafield>
        <datafield tag="246" ind1="3" ind2="1">
            <subfield code="a">Science-fiction :</subfield>
            <subfield code="b">7 short stories</subfield>
        </datafield>
        <datafield tag="260" ind1=" " ind2=" ">
            <subfield code="a">Paris :</subfield>
            <subfield code="b">Aubier-Flammarion,</subfield>
            <subfield code="c">1978.</subfield>
        </datafield>
        <datafield tag="300" ind1=" " ind2=" ">
            <subfield code="a">318 p. ;</subfield>
            <subfield code="c">18 cm.</subfield>
        </datafield>
        <datafield tag="336" ind1=" " ind2=" ">
            <subfield code="a">text</subfield>
            <subfield code="0">http://rdaregistry.info/termList/RDAContentType/1020</subfield>
        </datafield>
        <datafield tag="337" ind1=" " ind2=" ">
            <subfield code="a">unmediated</subfield>
            <subfield code="0">http://rdaregistry.info/termList/RDAMediaType/1007</subfield>
        </datafield>
        <datafield tag="338" ind1=" " ind2=" ">
            <subfield code="a">volume</subfield>
            <subfield code="0">http://rdaregistry.info/termList/RDACarrierType/1049</subfield>
        </datafield>
        <datafield tag="380" ind1=" " ind2=" ">
            <subfield code="a">Language-based work</subfield>
            <subfield code="0">https://schema.nb.no/Bibliographic/Values/V1000</subfield>
        </datafield>
        <datafield tag="505" ind1="0" ind2=" ">
            <subfield code="a">Un parfum de salsepareille = A scent of Sarsaparilla / Ray Bradbury -- Tour l'été un jour = All summer in one day / Ray Bradbury -- Celui qui atttend = The one who waits / Ray Bradbury -- La forêt verte = The green forest / A.E. van Vogt -- Vingt-quatre heures de trêve = Day of truce / Clifford D. Simak -- Les petites bêtes = small deer / Clifford D. Simak -- L'os = The glitch / James Blish.</subfield>
        </datafield>
        <datafield tag="546" ind1=" " ind2=" ">
            <subfield code="a">English text with French translation on facing pages ; introduction in French.</subfield>
        </datafield>
        <datafield tag="700" ind1="1" ind2=" ">
            <subfield code="a">Bradbury, Ray,</subfield>
            <subfield code="d">1920-2012.</subfield>
        </datafield>
        <datafield tag="700" ind1="1" ind2=" ">
            <subfield code="a">Tadié, Marie.</subfield>
        </datafield>
    </record>