
    <record>
        <leader>02352ngm a2200589 i 4500</leader>
        <controlfield tag="001">991004275209707026</controlfield>
        <controlfield tag="003">UkOxU</controlfield>
        <controlfield tag="005">20230627095548.0</controlfield>
        <controlfield tag="006">m     o  c        </controlfield>
        <controlfield tag="007">cr una---unuuu</controlfield>
        <controlfield tag="007">vz uzazuu</controlfield>
        <controlfield tag="008">230620p20232019cau083        o   vleng d</controlfield>
        <datafield tag="028" ind1="5" ind2="2">
            <subfield code="a">13830855</subfield>
            <subfield code="b">Kanopy</subfield>
        </datafield>
        <datafield tag="245" ind1="0" ind2="0">
            <subfield code="a">When the World Breaks.</subfield>
        </datafield>
        <datafield tag="264" ind1=" " ind2="1">
            <subfield code="a">[San Francisco, California, USA] :</subfield>
            <subfield code="b">Kanopy Streaming,</subfield>
            <subfield code="c">2023.</subfield>
        </datafield>
        <datafield tag="264" ind1=" " ind2="1">
            <subfield code="b">Vision Films,</subfield>
            <subfield code="c">2019.</subfield>
        </datafield>
        <datafield tag="300" ind1=" " ind2=" ">
            <subfield code="a">1 online resource (streaming video file) (84 minutes):</subfield>
            <subfield code="b">digital, .flv file, sound</subfield>
        </datafield>
        <datafield tag="336" ind1=" " ind2=" ">
            <subfield code="a">moving image</subfield>
            <subfield code="0">http://rdaregistry.info/termList/RDAContentType/1023</subfield>
        </datafield>
        <datafield tag="337" ind1=" " ind2=" ">
            <subfield code="a">video</subfield>
            <subfield code="0">http://rdaregistry.info/termList/RDAMediaType/1008</subfield>
        </datafield>
        <datafield tag="338" ind1=" " ind2=" ">
            <subfield code="a">online resource</subfield>
            <subfield code="0">http://rdaregistry.info/termList/RDACarrierType/1018</subfield>
        </datafield>
        <datafield tag="380" ind1=" " ind2=" ">
            <subfield code="a">Moving image work</subfield>
            <subfield code="0">https://schema.nb.no/Bibliographic/Values/V1002</subfield>
        </datafield>
        <datafield tag="344" ind1=" " ind2=" ">
            <subfield code="a">digital</subfield>
        </datafield>
        <datafield tag="347" ind1=" " ind2=" ">
            <subfield code="a">video file</subfield>
            <subfield code="b">MPEG-4</subfield>
            <subfield code="b">Flash</subfield>
        </datafield>
        <datafield tag="500" ind1=" " ind2=" ">
            <subfield code="a">Available via Kanopy as part of a Patron-Driven Acquisition (PDA) collection.</subfield>
            <subfield code="5">UkOxU</subfield>
        </datafield>
        <datafield tag="500" ind1=" " ind2=" ">
            <subfield code="a">Film</subfield>
        </datafield>
        <datafield tag="500" ind1=" " ind2=" ">
            <subfield code="a">In Process Record.</subfield>
        </datafield>
        <datafield tag="500" ind1=" " ind2=" ">
            <subfield code="a">Title from title frames.</subfield>
        </datafield>
        <datafield tag="506" ind1="1" ind2=" ">
            <subfield code="a">Oxford SSO required to access this resource.</subfield>
            <subfield code="5">UkOxU</subfield>
        </datafield>
        <datafield tag="511" ind1="0" ind2=" ">
            <subfield code="a">Art Linkletter, Buzz Aldrin, Hugh Downs, Interviews with: Jerry Stiller, Jesse Jackson, Mickey Rooney, Phyllis Diller, Ray Bradbury</subfield>
        </datafield>
        <datafield tag="518" ind1=" " ind2=" ">
            <subfield code="a">Originally produced by Vision Films in 2019.</subfield>
        </datafield>
        <datafield tag="520" ind1=" " ind2=" ">
            <subfield code="a">A film about creativity and survival during the Great Depression of the 1930s, with striking parallels to today. Depression-era life and art come alive with rare film clips and personal stories from survivors.</subfield>
        </datafield>
        <datafield tag="546" ind1=" " ind2=" ">
            <subfield code="a">In English</subfield>
        </datafield>
        <datafield tag="700" ind1="1" ind2=" ">
            <subfield code="a">Aldrin, Buzz,</subfield>
            <subfield code="e">actor.</subfield>
        </datafield>
        <datafield tag="700" ind1="1" ind2=" ">
            <subfield code="a">Bradbury, Ray,</subfield>
            <subfield code="e">actor.</subfield>
        </datafield>
        <datafield tag="700" ind1="1" ind2=" ">
            <subfield code="a">Diller, Phyllis,</subfield>
            <subfield code="e">actor.</subfield>
        </datafield>
        <datafield tag="700" ind1="1" ind2=" ">
            <subfield code="a">Downs, Hugh,</subfield>
            <subfield code="e">actor.</subfield>
        </datafield>
        <datafield tag="700" ind1="1" ind2=" ">
            <subfield code="a">Fjellestad, Hans,</subfield>
            <subfield code="e">film director.</subfield>
        </datafield>
        <datafield tag="700" ind1="1" ind2=" ">
            <subfield code="a">Jackson, Jesse,</subfield>
            <subfield code="e">actor.</subfield>
        </datafield>
        <datafield tag="700" ind1="1" ind2=" ">
            <subfield code="a">Linkletter, Art,</subfield>
            <subfield code="e">actor.</subfield>
        </datafield>
        <datafield tag="700" ind1="1" ind2=" ">
            <subfield code="a">Rooney, Mickey,</subfield>
            <subfield code="e">actor.</subfield>
        </datafield>
        <datafield tag="700" ind1="1" ind2=" ">
            <subfield code="a">with: Jerry Stiller, Interviews,</subfield>
            <subfield code="e">actor.</subfield>
        </datafield>
        <datafield tag="710" ind1="2" ind2=" ">
            <subfield code="a">Kanopy (Firm).</subfield>
            <subfield code="4">dst</subfield>
        </datafield>
        <datafield tag="710" ind1="2" ind2=" ">
            <subfield code="a">Vision Films (Firm),</subfield>
            <subfield code="4">dst</subfield>
        </datafield>
    </record>