
    <record>
        <leader>04135aam a2200541 a 4500</leader>
        <controlfield tag="001">991008422789707026</controlfield>
        <controlfield tag="003">UkOxU</controlfield>
        <controlfield tag="005">20220713173447.0</controlfield>
        <controlfield tag="006">m    ||  d |      </controlfield>
        <controlfield tag="007">cr |||||||||||</controlfield>
        <controlfield tag="008">130410r20132005nyu     o     000 0 eng  </controlfield>
        <datafield tag="020" ind1=" " ind2=" ">
            <subfield code="a">0062242113</subfield>
            <subfield code="q">(electronic bk.)</subfield>
        </datafield>
        <datafield tag="020" ind1=" " ind2=" ">
            <subfield code="a">9780062242112</subfield>
            <subfield code="q">(electronic bk.)</subfield>
        </datafield>
        <datafield tag="020" ind1=" " ind2=" ">
            <subfield code="z">0060585684</subfield>
            <subfield code="q">(hardback)</subfield>
        </datafield>
        <datafield tag="020" ind1=" " ind2=" ">
            <subfield code="z">0060585692</subfield>
            <subfield code="q">(paperback)</subfield>
        </datafield>
        <datafield tag="020" ind1=" " ind2=" ">
            <subfield code="z">9780060585686</subfield>
            <subfield code="q">(hardback)</subfield>
        </datafield>
        <datafield tag="020" ind1=" " ind2=" ">
            <subfield code="z">9780060585693</subfield>
            <subfield code="q">(paperback)</subfield>
        </datafield>
        <datafield tag="037" ind1=" " ind2=" ">
            <subfield code="a">9780062242112</subfield>
            <subfield code="b">HarperCollins US</subfield>
        </datafield>
        <datafield tag="082" ind1="0" ind2="4">
            <subfield code="a">813.54</subfield>
            <subfield code="2">22</subfield>
        </datafield>
        <datafield tag="100" ind1="1" ind2=" ">
            <subfield code="a">Bradbury, Ray,</subfield>
            <subfield code="d">1920-2012.</subfield>
            <subfield code="1">http://viaf.org/viaf/12305881</subfield>
            <subfield code="4">http://rdaregistry.info/Elements/w/object/P10061</subfield>
        </datafield>
        <datafield tag="245" ind1="1" ind2="0">
            <subfield code="a">Bradbury speaks :</subfield>
            <subfield code="b">too soon from the cave, too far from the stars /</subfield>
            <subfield code="c">Ray Bradbury.</subfield>
        </datafield>
        <datafield tag="246" ind1="3" ind2="0">
            <subfield code="a">Too soon from the cave, too far from the stars</subfield>
        </datafield>
        <datafield tag="264" ind1=" " ind2="1">
            <subfield code="a">New York :</subfield>
            <subfield code="b">Harper Perennial,</subfield>
            <subfield code="c">[2013].</subfield>
        </datafield>
        <datafield tag="264" ind1=" " ind2="4">
            <subfield code="c">©2005</subfield>
        </datafield>
        <datafield tag="300" ind1=" " ind2=" ">
            <subfield code="a">1  resource.</subfield>
        </datafield>
        <datafield tag="336" ind1=" " ind2=" ">
            <subfield code="a">text</subfield>
            <subfield code="0">http://rdaregistry.info/termList/RDAContentType/1020</subfield>
        </datafield>
        <datafield tag="337" ind1=" " ind2=" ">
            <subfield code="a">computer</subfield>
            <subfield code="0">http://rdaregistry.info/termList/RDAMediaType/1003</subfield>
        </datafield>
        <datafield tag="338" ind1=" " ind2=" ">
            <subfield code="a"></subfield>
            <subfield code="0">http://rdaregistry.info/termList/RDACarrierType/1018</subfield>
        </datafield>
        <datafield tag="380" ind1=" " ind2=" ">
            <subfield code="a">Language-based work</subfield>
            <subfield code="0">https://schema.nb.no/Bibliographic/Values/V1000</subfield>
        </datafield>
        <datafield tag="500" ind1=" " ind2=" ">
            <subfield code="a">Academic</subfield>
        </datafield>
        <datafield tag="500" ind1=" " ind2=" ">
            <subfield code="a">Originally published in print: : William Morrow, 2005.</subfield>
        </datafield>
        <datafield tag="505" ind1="0" ind2=" ">
            <subfield code="a">My demon, not afraid of happiness (undated) -- Vin revivere, or a vintage revisited (1991) -- How something wicked came (1996) -- Lincoln's doctor's dog's butterfly (undated) -- The whale, the whim, and I (undated) -- All's well that ends well, or, Unhappily ever after (2003) -- Remembrance of books past (2004) -- Predicting the past, remembering the future (2001) -- Mars : too soon from the cave, too far from the stars (2000) -- Earthrise and its faces (1999) -- Falling upward, or Walking backward to the future (1999) -- Beyond Giverny (1994) -- Mouser (undated) -- Lord Russell and the pipsqueak (undated) -- More, much more, by Corwin (1999) -- Because of the wonderful things he does (1999) -- A milestone at milestone's : Bonderchuk remembered (undated) -- Free pass at Heaven's Gate (1999) -- GBS : refurbishing the tin woodman : science fiction with a heart, a brain, and the nerve! (1997) -- The beautiful bad weather (2000) -- The affluence of despair : America through the looking glass (1998) -- The hunchback, the phantom, the mummy, and me (undated) -- Any friend of trains is a friend of mine (1968) -- I'm mad as hell, and I'm not going to take it anymore! (the new millennium, that is) (undated) -- The Rabbit Hole Lost and Found Book Shoppe (undated) -- Beyond 1984 (1979) -- The ardent blasphemers (1962) -- That future with a funny name (1995) -- Hysteria, goddess of flight, or on takeoff, do not run up and down the aisles screaming (1993) -- Time to explore again : where is the madman who'll take us to Mars? (2004) -- Paris : always destroyed, always triumphant (1986) -- The sixty-minute Louvre : Paris by stopwatch (1993) -- Queen of angels, not quite ready for her close-up (undated) -- L.A., how do I love thee? (undated) -- L.A., outta the way and let us happen! (2000) -- L.A., we are the world! : a new-millennium revelation (1989) -- Disneyland, or Disney's demon for happiness (undated).</subfield>
        </datafield>
        <datafield tag="506" ind1="1" ind2=" ">
            <subfield code="a">Legal Deposit;</subfield>
            <subfield code="c">Only available on premises controlled by the deposit library and to one user at any one time;</subfield>
            <subfield code="e">The Legal Deposit Libraries (Non-Print Works) Regulations (UK).</subfield>
            <subfield code="5">UkOxU</subfield>
        </datafield>
        <datafield tag="530" ind1=" " ind2=" ">
            <subfield code="a">Also issued in print format.</subfield>
        </datafield>
        <datafield tag="540" ind1=" " ind2=" ">
            <subfield code="a">Restricted: Printing from this resource is governed by The Legal Deposit Libraries (Non-Print Works) Regulations (UK) and UK copyright law currently in force.</subfield>
            <subfield code="5">UkOxU</subfield>
        </datafield>
        <datafield tag="600" ind1="1" ind2="0">
            <subfield code="a">Bradbury, Ray,</subfield>
            <subfield code="d">1920-2012.</subfield>
        </datafield>
        <datafield tag="600" ind1="1" ind2="7">
            <subfield code="a">Bradbury, Ray,</subfield>
            <subfield code="d">1920-2012</subfield>
            <subfield code="2">fast</subfield>
            <subfield code="0">(OCoLC)fst01797620</subfield>
        </datafield>
    </record>