
    <record>
        <leader>04890nam a2200601 i 4500</leader>
        <controlfield tag="001">991022194257407026</controlfield>
        <controlfield tag="003">UkOxU</controlfield>
        <controlfield tag="005">20230802002305.0</controlfield>
        <controlfield tag="006">m     o  d |      </controlfield>
        <controlfield tag="007">cr -n---------</controlfield>
        <controlfield tag="008">170421t20122012ohu     ob    000 0 eng d</controlfield>
        <datafield tag="020" ind1=" " ind2=" ">
            <subfield code="a">1-61277-658-2</subfield>
        </datafield>
        <datafield tag="020" ind1=" " ind2=" ">
            <subfield code="a">1-61277-659-0</subfield>
        </datafield>
        <datafield tag="041" ind1=" " ind2=" ">
            <subfield code="a">eng</subfield>
        </datafield>
        <datafield tag="082" ind1="0" ind2=" ">
            <subfield code="a">813</subfield>
            <subfield code="2">23</subfield>
        </datafield>
        <datafield tag="245" ind1="0" ind2="4">
            <subfield code="a">The new ray bradbury review :</subfield>
            <subfield code="b">number 3, 2012 /</subfield>
            <subfield code="c">The Center for Ray Bradbury Studies.</subfield>
        </datafield>
        <datafield tag="264" ind1=" " ind2="1">
            <subfield code="a">Kent, Ohio :</subfield>
            <subfield code="b">The Kent State University Press,</subfield>
            <subfield code="c">2012.</subfield>
        </datafield>
        <datafield tag="264" ind1=" " ind2="4">
            <subfield code="c">©2012</subfield>
        </datafield>
        <datafield tag="300" ind1=" " ind2=" ">
            <subfield code="a">1  resource (132 p.)</subfield>
        </datafield>
        <datafield tag="336" ind1=" " ind2=" ">
            <subfield code="a">text</subfield>
            <subfield code="0">http://rdaregistry.info/termList/RDAContentType/1020</subfield>
        </datafield>
        <datafield tag="337" ind1=" " ind2=" ">
            <subfield code="a">computer</subfield>
            <subfield code="0">http://rdaregistry.info/termList/RDAMediaType/1003</subfield>
        </datafield>
        <datafield tag="338" ind1=" " ind2=" ">
            <subfield code="a"></subfield>
            <subfield code="0">http://rdaregistry.info/termList/RDACarrierType/1018</subfield>
        </datafield>
        <datafield tag="380" ind1=" " ind2=" ">
            <subfield code="a">Language-based work</subfield>
            <subfield code="0">https://schema.nb.no/Bibliographic/Values/V1000</subfield>
        </datafield>
        <datafield tag="500" ind1=" " ind2=" ">
            <subfield code="a">Description based upon print version of record.</subfield>
        </datafield>
        <datafield tag="504" ind1=" " ind2=" ">
            <subfield code="a">Includes bibliographical references.</subfield>
        </datafield>
        <datafield tag="505" ind1="0" ind2=" ">
            <subfield code="a">""Cover""; ""Contents""; ""Copyright""; ""In Memoriam: Ray Bradbury""; ""I Am My Grandfather, My Grandfather Is Me""; ""Introduction""; ""From the Archives: A Selection of Ray Bradburyâ€?s Fragments""; ""Part One: Youth, Old Age, and Death""; ""When the Weeping Stopped""; ""The One who Fell""; ""Thatâ€?s How Death Is""; ""All Good things are Over""; ""Figure Oneâ€?Grammy""; ""Part Two: Other Writers""; ""We have Art that we may not perish from Truth""; ""The Menacing Martians in OZ""; ""Edith Wharton""; ""Part Three: Characters""; ""Darksideâ€?s Folly""; ""The Magician""</subfield>
        </datafield>
        <datafield tag="505" ind1="8" ind2=" ">
            <subfield code="a">""â€œIt is a clear cool morningâ€?""""In the window of the candy store""; ""He lived in an element of mud""; ""To watch the great round mouths turning""; ""The Playground""; ""The Different Pat""; ""Figure Threeâ€?The Cool Cold Smell of Water""; ""Part Five: Dreams""; ""The Monk, The Monk""; ""Summer Night in the Court House Square""; ""â€œWhatâ€?s it get a woman?â€?""; ""The Dream""; ""Part Six: Houses""; ""The Cellar, The Attic, The Pantry""; ""Very early that morning""; ""Long After Midnight""; ""The Boarding House""; ""The house drifted with dust""; ""The house was a good house""</subfield>
        </datafield>
        <datafield tag="505" ind1="8" ind2=" ">
            <subfield code="a">""I heard them all laughing""""The All Hallows Family""; ""The Acid Clean Man""; ""The Bed in the Center of the Room""; ""The Saved Sadnes""; ""The Jigsaw""; ""The Colored Shoe Man""; ""The Scissors Grinder""; ""Figure Twoâ€?The Medicine Show""; ""Part Four: Reveries""; ""Fire is baroque""; ""The Burnt People""; ""The steadfast sea""; ""When the sound of the sea and the smell of the sea/Come in""; ""At night the wind plunged through the house""; ""The wind all around""; ""To Make the Unfamiliar Familiar""; ""To lie upon the dusty nap of the rug""; ""Green Afternoon""; ""It was a melon patch""</subfield>
        </datafield>
        <datafield tag="505" ind1="8" ind2=" ">
            <subfield code="a">""In other parts of the house""""Until this day, how well the house had kept its peace""; ""The House of Sighs""; ""The town was a beautiful ruin of a place""; ""Part Seven: Climates/Seasons""; ""In the yard the three apple trees grew up""; ""On those clean spring days""; ""The Herb Forest""; ""It was one of the early Sunday afternoons in fall""; ""She woke on a winterâ€?s morning""; ""Part Eight: Space Travel/Other Worlds""; ""The New Crusade""; ""The rocket was a silver thimble""; ""Thistle-Down and Fire""; ""They spoke of the spaces between the stars""; ""The Long Midnight""</subfield>
        </datafield>
        <datafield tag="505" ind1="8" ind2=" ">
            <subfield code="a">""It is not nice to spill down space""""Longfall""; ""The Witch""; ""The Venusian Chronicles""; ""Bradbury""; ""Chapter One""; ""The Gardener""; ""The Umbrella Man""; ""The carnival was set up and ready to go""; ""Part Nine: Mars""; ""He felt it when they came from the rocket""; ""The berries were ripened""; ""The Children""; ""Many nights he could hear the voice calling to him""; ""â€œCome down, come down!â€?""; ""The robot""; ""â€œWhat is it?â€?""; ""The Comedians""; ""The Carnival arrived about seven that night""; ""The Duplicate Circus""; ""Figure Fourâ€?The Fourth of July""</subfield>
        </datafield>
        <datafield tag="505" ind1="8" ind2=" ">
            <subfield code="a">""Textual Commentary""</subfield>
        </datafield>
        <datafield tag="546" ind1=" " ind2=" ">
            <subfield code="a">English</subfield>
        </datafield>
        <datafield tag="588" ind1=" " ind2=" ">
            <subfield code="a">Description based on  resource; title from PDF title page (ebrary, viewed April 21, 2017).</subfield>
        </datafield>
        <datafield tag="600" ind1="1" ind2="0">
            <subfield code="a">Bradbury, Ray,</subfield>
            <subfield code="d">1920-2012</subfield>
            <subfield code="x">Criticism and interpretation</subfield>
            <subfield code="v">Periodicals.</subfield>
        </datafield>
        <datafield tag="710" ind1="2" ind2=" ">
            <subfield code="a">IUPUI (Campus).</subfield>
            <subfield code="b">Center for Ray Bradbury Studies.</subfield>
        </datafield>
        <datafield tag="776" ind1=" " ind2=" ">
            <subfield code="z">1-60635-147-8</subfield>
        </datafield>
    </record>