
    <record>
        <leader>04582nam a2200517 i 4500</leader>
        <controlfield tag="001">991022197430807026</controlfield>
        <controlfield tag="003">UkOxU</controlfield>
        <controlfield tag="005">20230124194239.0</controlfield>
        <controlfield tag="006">m     o  d |      </controlfield>
        <controlfield tag="007">cr cnu||||||||</controlfield>
        <controlfield tag="008">150603t20152015ohu     o     000 0 eng d</controlfield>
        <datafield tag="020" ind1=" " ind2=" ">
            <subfield code="a">1-63101-166-9</subfield>
        </datafield>
        <datafield tag="020" ind1=" " ind2=" ">
            <subfield code="a">1-63101-167-7</subfield>
        </datafield>
        <datafield tag="043" ind1=" " ind2=" ">
            <subfield code="a">n-us---</subfield>
        </datafield>
        <datafield tag="082" ind1="0" ind2=" ">
            <subfield code="a">813.54</subfield>
            <subfield code="2">23</subfield>
        </datafield>
        <datafield tag="245" ind1="0" ind2="4">
            <subfield code="a">The new Ray Bradbury review.</subfield>
            <subfield code="n">Number 4 (2015) /</subfield>
            <subfield code="c">edited by Jonathan R. Eller.</subfield>
        </datafield>
        <datafield tag="264" ind1=" " ind2="1">
            <subfield code="a">Kent, Ohio :</subfield>
            <subfield code="b">Kent State University Press,</subfield>
            <subfield code="c">2015.</subfield>
        </datafield>
        <datafield tag="264" ind1=" " ind2="4">
            <subfield code="c">©2015</subfield>
        </datafield>
        <datafield tag="300" ind1=" " ind2=" ">
            <subfield code="a">1 online resource (83 pages) :</subfield>
            <subfield code="b">illustrations, tables</subfield>
        </datafield>
        <datafield tag="336" ind1=" " ind2=" ">
            <subfield code="a">text</subfield>
            <subfield code="0">http://rdaregistry.info/termList/RDAContentType/1020</subfield>
        </datafield>
        <datafield tag="337" ind1=" " ind2=" ">
            <subfield code="a">computer</subfield>
            <subfield code="0">http://rdaregistry.info/termList/RDAMediaType/1003</subfield>
        </datafield>
        <datafield tag="338" ind1=" " ind2=" ">
            <subfield code="a">online</subfield>
            <subfield code="0">http://rdaregistry.info/termList/RDACarrierType/1018</subfield>
        </datafield>
        <datafield tag="380" ind1=" " ind2=" ">
            <subfield code="a">Language-based work</subfield>
            <subfield code="0">https://schema.nb.no/Bibliographic/Values/V1000</subfield>
        </datafield>
        <datafield tag="490" ind1="1" ind2=" ">
            <subfield code="a">Center for Ray Bradbury Studies</subfield>
        </datafield>
        <datafield tag="505" ind1="0" ind2=" ">
            <subfield code="a">Editor's preface : blind vitality / Jonathan R. Eller -- Introduction : editing Bradbury's story openings / William F. Touponce -- From the archives : a selection of Ray Bradbury's fragments / edited by William F. Touponce -- Story Ideas -- Fragments : story openings and endings -- Fragments : extended story openings -- The Albright Collection : supplementary fragments list / Joseph D. Kaposta -- Fragmentary futures : Bradbury's Illustrated man outlines--and beyond / Jonathan R. Eller.</subfield>
        </datafield>
        <datafield tag="520" ind1=" " ind2=" ">
            <subfield code="a">Each previous The New Ray Bradbury Review, prepared and edited by the Center for Ray Bradbury Studies, examines the impact of Bradbury's writings on American culture and his legacy as one of the master storytellers of his time. The late Ray Bradbury's metaphor-rich imagination led to a prolific and highly influential career spanning seven decades, but it also left a decades long field of deferred fragmentary fictions and story ideas that would remain unfulfilled creations. For Number 4, William F. Touponce, founding editor emeritus of the Review, has gathered and introduced fascinating examples of story ideas, brief story openings and endings, and extended story openings that will forever remain dreams deferred. The fragments presented in this issue illustrate Bradbury's progressive stages of creativity during story composition, and to that end some of the physical elements of presentation are preserved in layout. The selections are followed by a list of recent discoveries that supplement the comprehensive checklist of known fragments included in previous editions of the Review. Number 4 concludes with Jonathan Eller's Fragmentary Futures, a survey of Bradbury's surviving preliminary outlines and projected timetables for future books tenuous documents that convey a sense of the instability lurking beneath Bradbury's solid and enduring achievements as a masterful teller of tales. Number 4 of the Review completes the all archival presentation begun with Number 3, which focused on the thematic range of the surviving fragments. The story openings presented in Number 4 reveal the hidden tension between Bradbury's subconscious inspirations and the stifling effects of his own self-conscious thoughts the more logical thought patterns that he desperately tried to hold at bay during the few hours it would take him to complete an initial draft. Time and again, rational thought extinguished the initial sub-conscious upwelling of character and scene, causing him to set these fragments aside for a day that never came. The New Ray Bradbury Review and the multivolume Collected Stories of Ray Bradbury are the primary publications of the Center for Ray Bradbury Studies, the major archive of Bradbury's writings located at Indiana University Purdue University, Indianapolis (IUPUI).</subfield>
        </datafield>
        <datafield tag="550" ind1=" " ind2=" ">
            <subfield code="a">"Central organ of The Center for Ray Bradbury Studies."</subfield>
        </datafield>
        <datafield tag="588" ind1=" " ind2=" ">
            <subfield code="a">Description based on online resource; title from PDF title page (ebrary, viewed June 3, 2015).</subfield>
        </datafield>
        <datafield tag="600" ind1="1" ind2="0">
            <subfield code="a">Bradbury, Ray,</subfield>
            <subfield code="d">1920-2012</subfield>
            <subfield code="x">Criticism and interpretation.</subfield>
        </datafield>
        <datafield tag="700" ind1="1" ind2=" ">
            <subfield code="a">Eller, Jonathan R.,</subfield>
            <subfield code="e">editor.</subfield>
        </datafield>
        <datafield tag="710" ind1="2" ind2=" ">
            <subfield code="a">IUPUI (Campus).</subfield>
            <subfield code="b">Center for Ray Bradbury Studies,</subfield>
            <subfield code="e">issuing body.</subfield>
        </datafield>
        <datafield tag="776" ind1=" " ind2=" ">
            <subfield code="z">1-60635-253-9</subfield>
        </datafield>
        <datafield tag="830" ind1=" " ind2="0">
            <subfield code="a">Center for Regional Studies (Series)</subfield>
        </datafield>
    </record>