
    <!-- SIKT / BIBSYS -->
    <record>
        <leader>03079cam a2200685 c 4500</leader>
        <controlfield tag="001">990102604634702202</controlfield>
        <controlfield tag="005">20230313074222.0</controlfield>
        <controlfield tag="007">cr||||||||||||</controlfield>
        <controlfield tag="007">ta</controlfield>
        <controlfield tag="008">150914s2001    no#||||j |||||000|1|nob| </controlfield>
        <datafield tag="020" ind1=" " ind2=" ">
            <subfield code="a">8205279845</subfield>
            <subfield code="q">ib.</subfield>
            <subfield code="q">Gyldendal Tiden</subfield>
            <subfield code="c">Nkr 199.00</subfield>
        </datafield>
        <datafield tag="020" ind1=" " ind2=" ">
            <subfield code="a">8252533116</subfield>
            <subfield code="q">ib.</subfield>
            <subfield code="q">Bokklubbens barn</subfield>
        </datafield>
        <datafield tag="082" ind1="7" ind2="4">
            <subfield code="a">808.83</subfield>
            <subfield code="q">NO-OsNB</subfield>
            <subfield code="2">4/nor</subfield>
        </datafield>
        <datafield tag="245" ind1="0" ind2="4">
            <subfield code="a">Den Røde døds maske og andre grøsserhistorier</subfield>
            <subfield code="c">Edgar Allan Poe m.fl.</subfield>
        </datafield>
        <datafield tag="260" ind1=" " ind2=" ">
            <subfield code="a">[Oslo]</subfield>
            <subfield code="b">Gyldendal Tiden</subfield>
            <subfield code="c">2001</subfield>
        </datafield>
        <datafield tag="300" ind1=" " ind2=" ">
            <subfield code="a">175 s.</subfield>
        </datafield>
        <datafield tag="336" ind1=" " ind2=" ">
            <subfield code="a">text</subfield>
            <subfield code="0">http://rdaregistry.info/termList/RDAContentType/1020</subfield>
        </datafield>
        <datafield tag="337" ind1=" " ind2=" ">
            <subfield code="a">unmediated</subfield>
            <subfield code="0">http://rdaregistry.info/termList/RDAMediaType/1007</subfield>
        </datafield>
        <datafield tag="338" ind1=" " ind2=" ">
            <subfield code="a">volume</subfield>
            <subfield code="0">http://rdaregistry.info/termList/RDACarrierType/1049</subfield>
            <subfield code="2">rdacarrier</subfield>
        </datafield>
        <datafield tag="380" ind1=" " ind2=" ">
            <subfield code="a">Language-based work</subfield>
            <subfield code="0">https://schema.nb.no/Bibliographic/Values/V1000</subfield>
        </datafield>
        <datafield tag="490" ind1="1" ind2=" ">
            <subfield code="a">10:12</subfield>
        </datafield>
        <datafield tag="700" ind1="1" ind2=" ">
            <subfield code="a">Renberg, Marius</subfield>
            <subfield code="d">1965-</subfield>
            <subfield code="0">(NO-TrBIB)99014805</subfield>
            <subfield code="4">bjd</subfield>
        </datafield>
        <datafield tag="700" ind1="1" ind2="2">
            <subfield code="a">Bjerke, André</subfield>
            <subfield code="d">1918-1985</subfield>
            <subfield code="t">Skrittene</subfield>
            <subfield code="0">(NO-TrBIB)90060945</subfield>
        </datafield>
        <datafield tag="700" ind1="1" ind2="2">
            <subfield code="a">Bradbury, Ray</subfield>
            <subfield code="d">1920-2012</subfield>
            <subfield code="t">Mannen ovenpå</subfield>
            <subfield code="0">(NO-TrBIB)90083059</subfield>
        </datafield>
        <datafield tag="700" ind1="1" ind2="2">
            <subfield code="a">Dickens, Charles</subfield>
            <subfield code="d">1812-1870</subfield>
            <subfield code="t">Banevokteren</subfield>
            <subfield code="0">(NO-TrBIB)90051428</subfield>
        </datafield>
        <datafield tag="700" ind1="1" ind2="2">
            <subfield code="a">Doyle, Arthur Conan</subfield>
            <subfield code="d">1859-1930</subfield>
            <subfield code="t">Den brasilianske katt</subfield>
            <subfield code="0">(NO-TrBIB)90059591</subfield>
        </datafield>
        <datafield tag="700" ind1="1" ind2="2">
            <subfield code="a">Matheson, Richard</subfield>
            <subfield code="d">1926-2013</subfield>
            <subfield code="t">Av blod er du kommet</subfield>
            <subfield code="0">(NO-TrBIB)90081040</subfield>
        </datafield>
        <datafield tag="700" ind1="1" ind2="2">
            <subfield code="a">Maupassant, Guy de</subfield>
            <subfield code="d">1850-1893</subfield>
            <subfield code="t">Hånden</subfield>
            <subfield code="0">(NO-TrBIB)90088962</subfield>
        </datafield>
        <datafield tag="700" ind1="1" ind2="2">
            <subfield code="a">Poe, Edgar Allan</subfield>
            <subfield code="d">1809-1849</subfield>
            <subfield code="t">Den røde døds maske</subfield>
            <subfield code="e">medarb.</subfield>
            <subfield code="0">(NO-TrBIB)90081220</subfield>
        </datafield>
        <datafield tag="700" ind1="1" ind2="2">
            <subfield code="a">Timperley, Rosemary</subfield>
            <subfield code="t">Harry</subfield>
            <subfield code="0">(NO-TrBIB)6024949</subfield>
        </datafield>
        <datafield tag="830" ind1=" " ind2="0">
            <subfield code="a">10:12</subfield>
        </datafield>
    </record>