
    <record>
        <leader>03785cam a2200805 c 4500</leader>
        <controlfield tag="001">990400043844702202</controlfield>
        <controlfield tag="005">20230308131809.0</controlfield>
        <controlfield tag="007">cr||||||||||||</controlfield>
        <controlfield tag="007">ta</controlfield>
        <controlfield tag="008">150605s2003    no#||||j |||||000|1|nob| </controlfield>
        <datafield tag="020" ind1=" " ind2=" ">
            <subfield code="a">8204085702</subfield>
            <subfield code="q">ib.</subfield>
            <subfield code="c">Nkr 249.00</subfield>
        </datafield>
        <datafield tag="041" ind1="1" ind2=" ">
            <subfield code="h">eng</subfield>
        </datafield>
        <datafield tag="082" ind1="7" ind2="4">
            <subfield code="a">813</subfield>
            <subfield code="q">NO-OsNB</subfield>
            <subfield code="2">5/nor</subfield>
        </datafield>
        <datafield tag="245" ind1="0" ind2="0">
            <subfield code="a">Pass deg! :</subfield>
            <subfield code="b">R.L. Stine velger sine yndlingsgrøssere</subfield>
            <subfield code="c">oversatt av Øystein Rosse</subfield>
        </datafield>
        <datafield tag="246" ind1="1" ind2=" ">
            <subfield code="a">Beware!</subfield>
            <subfield code="i">Originaltittel</subfield>
        </datafield>
        <datafield tag="260" ind1=" " ind2=" ">
            <subfield code="a">[Oslo]</subfield>
            <subfield code="b">Damm</subfield>
            <subfield code="c">2003</subfield>
        </datafield>
        <datafield tag="300" ind1=" " ind2=" ">
            <subfield code="a">208 s.</subfield>
            <subfield code="b">ill.</subfield>
        </datafield>
        <datafield tag="336" ind1=" " ind2=" ">
            <subfield code="a">text</subfield>
            <subfield code="0">http://rdaregistry.info/termList/RDAContentType/1020</subfield>
        </datafield>
        <datafield tag="337" ind1=" " ind2=" ">
            <subfield code="a">unmediated</subfield>
            <subfield code="0">http://rdaregistry.info/termList/RDAMediaType/1007</subfield>
        </datafield>
        <datafield tag="338" ind1=" " ind2=" ">
            <subfield code="a">volume</subfield>
            <subfield code="0">http://rdaregistry.info/termList/RDACarrierType/1049</subfield>
            <subfield code="2">rdacarrier</subfield>
        </datafield>
        <datafield tag="380" ind1=" " ind2=" ">
            <subfield code="a">Language-based work</subfield>
            <subfield code="0">https://schema.nb.no/Bibliographic/Values/V1000</subfield>
        </datafield>
        <datafield tag="700" ind1="1" ind2=" ">
            <subfield code="a">Rosse, Øystein</subfield>
            <subfield code="d">1956-</subfield>
            <subfield code="0">(NO-TrBIB)90817877</subfield>
            <subfield code="4">trl</subfield>
        </datafield>
        <datafield tag="700" ind1="1" ind2=" ">
            <subfield code="a">Stine, R.L.</subfield>
            <subfield code="d">1943-</subfield>
            <subfield code="q">(Robert Lawrence)</subfield>
            <subfield code="e">red.</subfield>
            <subfield code="0">(NO-TrBIB)90603605</subfield>
        </datafield>
        <datafield tag="700" ind1="1" ind2="2">
            <subfield code="a">Barber, Daniel Wynn</subfield>
            <subfield code="t">Tiger i snøen</subfield>
            <subfield code="0">(NO-TrBIB)10050484</subfield>
        </datafield>
        <datafield tag="700" ind1="1" ind2="2">
            <subfield code="a">Bradbury, Ray</subfield>
            <subfield code="d">1920-2012</subfield>
            <subfield code="t">Det svarte pariserhjulet</subfield>
            <subfield code="0">(NO-TrBIB)90083059</subfield>
        </datafield>
        <datafield tag="700" ind1="1" ind2="2">
            <subfield code="a">Dahl, Roald</subfield>
            <subfield code="d">1916-1990</subfield>
            <subfield code="t">Heksene</subfield>
            <subfield code="0">(NO-TrBIB)90064099</subfield>
        </datafield>
        <datafield tag="700" ind1="1" ind2="2">
            <subfield code="a">Garfield, Leon</subfield>
            <subfield code="d">1921-</subfield>
            <subfield code="t">En hund etter jenter</subfield>
            <subfield code="0">(NO-TrBIB)90220953</subfield>
        </datafield>
        <datafield tag="700" ind1="1" ind2="2">
            <subfield code="a">McKissack, Patricia</subfield>
            <subfield code="d">1944-2017</subfield>
            <subfield code="t">Tryllebroren</subfield>
            <subfield code="0">(NO-TrBIB)90965948</subfield>
        </datafield>
        <datafield tag="700" ind1="1" ind2="2">
            <subfield code="a">Service, Robert W.</subfield>
            <subfield code="d">1874-1958</subfield>
            <subfield code="t">Kremeringen av Sam McGee</subfield>
            <subfield code="0">(NO-TrBIB)90102646</subfield>
        </datafield>
        <datafield tag="700" ind1="1" ind2="2">
            <subfield code="a">Silverstein, Shel</subfield>
            <subfield code="d">1930-1999</subfield>
            <subfield code="t">Bloddryppende historie</subfield>
            <subfield code="0">(NO-TrBIB)90215791</subfield>
        </datafield>
        <datafield tag="700" ind1="1" ind2="2">
            <subfield code="a">Silverstein, Shel</subfield>
            <subfield code="d">1930-1999</subfield>
            <subfield code="t">Hjemsøkt</subfield>
            <subfield code="0">(NO-TrBIB)90215791</subfield>
        </datafield>
        <datafield tag="700" ind1="1" ind2="2">
            <subfield code="a">Sleator, William</subfield>
            <subfield code="t">Heisen</subfield>
            <subfield code="0">(NO-TrBIB)90852986</subfield>
        </datafield>
        <datafield tag="700" ind1="1" ind2="2">
            <subfield code="a">Slesar, Henry</subfield>
            <subfield code="d">1927-2002</subfield>
            <subfield code="t">Prøven</subfield>
            <subfield code="0">(NO-TrBIB)6045971</subfield>
        </datafield>
        <datafield tag="700" ind1="1" ind2="2">
            <subfield code="a">Stine, Robert Lawrence</subfield>
            <subfield code="t">En uventet gjest</subfield>
            <subfield code="0">(NO-TrBIB)10061185</subfield>
        </datafield>
        <datafield tag="700" ind1="1" ind2="2">
            <subfield code="a">Stine, Robert Lawrence</subfield>
            <subfield code="t">Joe er ikke noe monster</subfield>
            <subfield code="0">(NO-TrBIB)10061185</subfield>
            <subfield code="4">edt</subfield>
        </datafield>
        <datafield tag="700" ind1="1" ind2="2">
            <subfield code="a">Stoker, Bram</subfield>
            <subfield code="d">1847-1912</subfield>
            <subfield code="t">Dommerens hus</subfield>
            <subfield code="0">(NO-TrBIB)90077358</subfield>
        </datafield>
        <datafield tag="700" ind1="1" ind2="2">
            <subfield code="a">Wilson, Gahan</subfield>
            <subfield code="t">Herr Iskald</subfield>
            <subfield code="0">(NO-TrBIB)10062539</subfield>
        </datafield>
        <datafield tag="740" ind1="0" ind2=" ">
            <subfield code="a">En strømpe til jul</subfield>
        </datafield>
        <datafield tag="740" ind1="0" ind2=" ">
            <subfield code="a">Golem</subfield>
        </datafield>
        <datafield tag="740" ind1="0" ind2=" ">
            <subfield code="a">Harold</subfield>
        </datafield>
        <datafield tag="740" ind1="0" ind2=" ">
            <subfield code="a">Jenta som stod på en grav</subfield>
        </datafield>
    </record>