
    <record>
        <leader>03123cam a2200685 c 4500</leader>
        <controlfield tag="001">990404292534702202</controlfield>
        <controlfield tag="005">20230313074801.0</controlfield>
        <controlfield tag="007">cr||||||||||||</controlfield>
        <controlfield tag="007">ta</controlfield>
        <controlfield tag="008">150519s2004    no ||||j |||||000|1|nob| </controlfield>
        <datafield tag="020" ind1=" " ind2=" ">
            <subfield code="a">8205327920</subfield>
            <subfield code="q">ib.</subfield>
            <subfield code="c">Nkr 199.00</subfield>
        </datafield>
        <datafield tag="041" ind1="1" ind2=" ">
            <subfield code="h">eng</subfield>
        </datafield>
        <datafield tag="082" ind1="7" ind2="4">
            <subfield code="a">808.83</subfield>
            <subfield code="q">NO-OsNB</subfield>
            <subfield code="2">5/nor</subfield>
        </datafield>
        <datafield tag="245" ind1="0" ind2="0">
            <subfield code="a">Stemmen i natten og andre grøsserhistorier</subfield>
            <subfield code="c">Stephen King m.fl.</subfield>
        </datafield>
        <datafield tag="260" ind1=" " ind2=" ">
            <subfield code="a">[Oslo]</subfield>
            <subfield code="b">Gyldendal</subfield>
            <subfield code="c">2004</subfield>
        </datafield>
        <datafield tag="300" ind1=" " ind2=" ">
            <subfield code="a">110 s.</subfield>
        </datafield>
        <datafield tag="336" ind1=" " ind2=" ">
            <subfield code="a">text</subfield>
            <subfield code="0">http://rdaregistry.info/termList/RDAContentType/1020</subfield>
        </datafield>
        <datafield tag="337" ind1=" " ind2=" ">
            <subfield code="a">unmediated</subfield>
            <subfield code="0">http://rdaregistry.info/termList/RDAMediaType/1007</subfield>
        </datafield>
        <datafield tag="338" ind1=" " ind2=" ">
            <subfield code="a">volume</subfield>
            <subfield code="0">http://rdaregistry.info/termList/RDACarrierType/1049</subfield>
            <subfield code="2">rdacarrier</subfield>
        </datafield>
        <datafield tag="380" ind1=" " ind2=" ">
            <subfield code="a">Language-based work</subfield>
            <subfield code="0">https://schema.nb.no/Bibliographic/Values/V1000</subfield>
        </datafield>
        <datafield tag="490" ind1="1" ind2=" ">
            <subfield code="a">10:12</subfield>
        </datafield>
        <datafield tag="700" ind1="1" ind2=" ">
            <subfield code="a">Renberg, Marius</subfield>
            <subfield code="d">1965-</subfield>
            <subfield code="0">(NO-TrBIB)99014805</subfield>
            <subfield code="4">bjd</subfield>
        </datafield>
        <datafield tag="700" ind1="1" ind2="2">
            <subfield code="a">Bradbury, Ray</subfield>
            <subfield code="d">1920-2012</subfield>
            <subfield code="t">Feberfantasier</subfield>
            <subfield code="0">(NO-TrBIB)90083059</subfield>
        </datafield>
        <datafield tag="700" ind1="1" ind2="2">
            <subfield code="a">Dahl, Roald</subfield>
            <subfield code="d">1916-1990</subfield>
            <subfield code="t">Vertinnen</subfield>
            <subfield code="0">(NO-TrBIB)90064099</subfield>
        </datafield>
        <datafield tag="700" ind1="1" ind2="2">
            <subfield code="a">Hodgson, William Hope</subfield>
            <subfield code="t">Stemmen i natten</subfield>
            <subfield code="0">(NO-TrBIB)6045969</subfield>
        </datafield>
        <datafield tag="700" ind1="1" ind2="2">
            <subfield code="a">King, Stephen</subfield>
            <subfield code="d">1947-</subfield>
            <subfield code="t">Plenklipp</subfield>
            <subfield code="e">medarb.</subfield>
            <subfield code="0">(NO-TrBIB)90054901</subfield>
        </datafield>
        <datafield tag="700" ind1="1" ind2="2">
            <subfield code="a">Lie, Jonas</subfield>
            <subfield code="d">1833-1908</subfield>
            <subfield code="t">Elias og draugen</subfield>
            <subfield code="0">(NO-TrBIB)90535262</subfield>
        </datafield>
        <datafield tag="700" ind1="1" ind2="2">
            <subfield code="a">Slesar, Henry</subfield>
            <subfield code="d">1927-2002</subfield>
            <subfield code="t">Eksamensdagen</subfield>
            <subfield code="0">(NO-TrBIB)6045971</subfield>
        </datafield>
        <datafield tag="700" ind1="1" ind2="2">
            <subfield code="a">Steinbeck, John</subfield>
            <subfield code="d">1902-1968</subfield>
            <subfield code="t">Tyggegummimysteriet</subfield>
            <subfield code="0">(NO-TrBIB)90081598</subfield>
        </datafield>
        <datafield tag="830" ind1=" " ind2="0">
            <subfield code="a">10:12</subfield>
        </datafield>
    </record>