
    <record>
        <leader>01465cam a2200361 c 4500</leader>
        <controlfield tag="001">990602707564702202</controlfield>
        <controlfield tag="005">20221020071800.0</controlfield>
        <controlfield tag="007">ta</controlfield>
        <controlfield tag="008">060814s2004    xx#|||||||||||000|u|eng| </controlfield>
        <datafield tag="020" ind1=" " ind2=" ">
            <subfield code="a">0823084027</subfield>
            <subfield code="q">ib.</subfield>
        </datafield>
        <datafield tag="100" ind1="1" ind2=" ">
            <subfield code="a">Harryhausen, Ray</subfield>
            <subfield code="0">(NO-TrBIB)90887438</subfield>
        </datafield>
        <datafield tag="245" ind1="1" ind2="0">
            <subfield code="a">Ray Harryhausen, an animated life</subfield>
            <subfield code="c">Ray Harryhausen &amp; Tony Dalton</subfield>
        </datafield>
        <datafield tag="260" ind1=" " ind2=" ">
            <subfield code="a">New York</subfield>
            <subfield code="b">Billboard Books</subfield>
            <subfield code="c">2004</subfield>
        </datafield>
        <datafield tag="300" ind1=" " ind2=" ">
            <subfield code="a">303 s.</subfield>
            <subfield code="b">ill.</subfield>
        </datafield>
        <datafield tag="336" ind1=" " ind2=" ">
            <subfield code="a">text</subfield>
            <subfield code="0">http://rdaregistry.info/termList/RDAContentType/1020</subfield>
        </datafield>
        <datafield tag="337" ind1=" " ind2=" ">
            <subfield code="a">unmediated</subfield>
            <subfield code="0">http://rdaregistry.info/termList/RDAMediaType/1007</subfield>
        </datafield>
        <datafield tag="338" ind1=" " ind2=" ">
            <subfield code="a">volume</subfield>
            <subfield code="0">http://rdaregistry.info/termList/RDACarrierType/1049</subfield>
            <subfield code="2">rdacarrier</subfield>
        </datafield>
        <datafield tag="380" ind1=" " ind2=" ">
            <subfield code="a">Language-based work</subfield>
            <subfield code="0">https://schema.nb.no/Bibliographic/Values/V1000</subfield>
        </datafield>
        <datafield tag="500" ind1=" " ind2=" ">
            <subfield code="a">Foreword by Ray Bradbury</subfield>
        </datafield>
        <datafield tag="600" ind1="1" ind2="7">
            <subfield code="a">Harryhausen, Ray</subfield>
            <subfield code="0">(NO-TrBIB)90887438</subfield>
            <subfield code="2">bare</subfield>
        </datafield>
        <datafield tag="700" ind1="1" ind2=" ">
            <subfield code="a">Bradbury, Ray</subfield>
            <subfield code="d">1920-2012</subfield>
            <subfield code="0">(NO-TrBIB)90083059</subfield>
        </datafield>
        <datafield tag="700" ind1="1" ind2=" ">
            <subfield code="a">Dalton, Tony</subfield>
            <subfield code="0">(NO-TrBIB)6061415</subfield>
        </datafield>
    </record>