
    <record>
        <leader>01305cam a22003377c 4500</leader>
        <controlfield tag="001">990940651284702202</controlfield>
        <controlfield tag="005">20221019083350.0</controlfield>
        <controlfield tag="007">ta</controlfield>
        <controlfield tag="008">120203s1990    xx#|||||||||||000|u|eng|d</controlfield>
        <datafield tag="020" ind1=" " ind2=" ">
            <subfield code="a">0333492935</subfield>
            <subfield code="q">ib.</subfield>
        </datafield>
        <datafield tag="100" ind1="1" ind2=" ">
            <subfield code="a">Butcher, William</subfield>
        </datafield>
        <datafield tag="245" ind1="1" ind2="0">
            <subfield code="a">Verne's journey to the centre of the self :</subfield>
            <subfield code="b">space and time in the Voyages extraordinaires</subfield>
            <subfield code="c">William Butcher ; foreword by Ray Bradbury</subfield>
        </datafield>
        <datafield tag="260" ind1=" " ind2=" ">
            <subfield code="a">London</subfield>
            <subfield code="b">Macmillan</subfield>
            <subfield code="c">1990</subfield>
        </datafield>
        <datafield tag="300" ind1=" " ind2=" ">
            <subfield code="a">206 s.</subfield>
        </datafield>
        <datafield tag="336" ind1=" " ind2=" ">
            <subfield code="a">text</subfield>
            <subfield code="0">http://rdaregistry.info/termList/RDAContentType/1020</subfield>
        </datafield>
        <datafield tag="337" ind1=" " ind2=" ">
            <subfield code="a">unmediated</subfield>
            <subfield code="0">http://rdaregistry.info/termList/RDAMediaType/1007</subfield>
        </datafield>
        <datafield tag="338" ind1=" " ind2=" ">
            <subfield code="a">volume</subfield>
            <subfield code="0">http://rdaregistry.info/termList/RDACarrierType/1049</subfield>
        </datafield>
        <datafield tag="380" ind1=" " ind2=" ">
            <subfield code="a">Language-based work</subfield>
            <subfield code="0">https://schema.nb.no/Bibliographic/Values/V1000</subfield>
        </datafield>
        <datafield tag="500" ind1=" " ind2=" ">
            <subfield code="a">Har bibliografi</subfield>
        </datafield>
        <datafield tag="600" ind1="1" ind2="4">
            <subfield code="a">Verne, Jules</subfield>
        </datafield>
        <datafield tag="700" ind1="1" ind2=" ">
            <subfield code="a">Bradbury, Ray</subfield>
            <subfield code="4">aui</subfield>
        </datafield>
    </record>