
    <record>
        <leader>03685cam a22008777c 4500</leader>
        <controlfield tag="001">991027300914702202</controlfield>
        <controlfield tag="005">20230305185236.0</controlfield>
        <controlfield tag="007">cr#|||||||||||</controlfield>
        <controlfield tag="008">141124s1985    xx ||||jo|||||000|u|nob| </controlfield>
        <datafield tag="041" ind1="1" ind2=" ">
            <subfield code="h">gre</subfield>
        </datafield>
        <datafield tag="082" ind1="7" ind2="4">
            <subfield code="a">808.89[SU]</subfield>
            <subfield code="q">NO-OsNB</subfield>
            <subfield code="2">4/nor</subfield>
        </datafield>
        <datafield tag="245" ind1="0" ind2="0">
            <subfield code="a">Barnas beste</subfield>
            <subfield code="h">[elektronisk ressurs]</subfield>
            <subfield code="p">Det flyvende teppe</subfield>
        </datafield>
        <datafield tag="260" ind1=" " ind2=" ">
            <subfield code="a">[Oslo]</subfield>
            <subfield code="b">Cappelen</subfield>
            <subfield code="c">1985</subfield>
        </datafield>
        <datafield tag="300" ind1=" " ind2=" ">
            <subfield code="a">161 s.</subfield>
        </datafield>
        <datafield tag="336" ind1=" " ind2=" ">
            <subfield code="a">text</subfield>
            <subfield code="0">http://rdaregistry.info/termList/RDAContentType/1020</subfield>
        </datafield>
        <datafield tag="337" ind1=" " ind2=" ">
            <subfield code="a">unmediated</subfield>
            <subfield code="0">http://rdaregistry.info/termList/RDAMediaType/1007</subfield>
        </datafield>
        <datafield tag="338" ind1=" " ind2=" ">
            <subfield code="a">volume</subfield>
            <subfield code="0">http://rdaregistry.info/termList/RDACarrierType/1049</subfield>
            <subfield code="2">rdacarrier</subfield>
        </datafield>
        <datafield tag="380" ind1=" " ind2=" ">
            <subfield code="a">Language-based work</subfield>
            <subfield code="0">https://schema.nb.no/Bibliographic/Values/V1000</subfield>
        </datafield>
        <datafield tag="700" ind1="0" ind2=" ">
            <subfield code="2"/>
            <subfield code="a">Collodi, Carlo</subfield>
            <subfield code="d">1826-1890</subfield>
            <subfield code="t">Pinocchio blir slukt av den store hvalen</subfield>
            <subfield code="0">(NO-TrBIB)900531</subfield>
        </datafield>
        <datafield tag="700" ind1="1" ind2=" ">
            <subfield code="2"/>
            <subfield code="a">Mørck, Sidsel</subfield>
            <subfield code="d">1937-</subfield>
            <subfield code="t">Reise langt vers</subfield>
            <subfield code="0">(NO-TrBIB)900748</subfield>
        </datafield>
        <datafield tag="700" ind1="1" ind2=" ">
            <subfield code="a">Olsen, Vivian Zahl</subfield>
            <subfield code="d">1942-</subfield>
            <subfield code="0">(NO-TrBIB)90069642</subfield>
            <subfield code="4">bjd</subfield>
        </datafield>
        <datafield tag="700" ind1="1" ind2="2">
            <subfield code="a">Andersen, H.C.</subfield>
            <subfield code="d">1805-1875</subfield>
            <subfield code="q">(Hans Christian)</subfield>
            <subfield code="t">Tommelise</subfield>
            <subfield code="0">(NO-TrBIB)1542229200036</subfield>
        </datafield>
        <datafield tag="700" ind1="1" ind2="2">
            <subfield code="a">Asbjørnsen, P. Chr.</subfield>
            <subfield code="d">1812-1885</subfield>
            <subfield code="q">(Peter Christen)</subfield>
            <subfield code="t">Østenfor sol og  vestenfor måne</subfield>
            <subfield code="0">(NO-TrBIB)900606</subfield>
        </datafield>
        <datafield tag="700" ind1="1" ind2="2">
            <subfield code="a">Greene, Graham</subfield>
            <subfield code="d">1904-1991</subfield>
            <subfield code="t">Det lille toget</subfield>
            <subfield code="0">(NO-TrBIB)90062258</subfield>
        </datafield>
        <datafield tag="700" ind1="2" ind2=" ">
            <subfield code="2"/>
            <subfield code="a">Ørjasæter, Jo</subfield>
            <subfield code="d">1925-2006</subfield>
            <subfield code="t">Daidalos, Ikaros og vingene</subfield>
            <subfield code="0">(NO-TrBIB)901467</subfield>
        </datafield>
        <datafield tag="700" ind1="3" ind2=" ">
            <subfield code="2"/>
            <subfield code="a">Bradbury, Ray</subfield>
            <subfield code="d">1920-2012</subfield>
            <subfield code="t">Flygemaskinen</subfield>
            <subfield code="0">(NO-TrBIB)900830</subfield>
        </datafield>
        <datafield tag="700" ind1="5" ind2=" ">
            <subfield code="2"/>
            <subfield code="a">Moe, Jørgen</subfield>
            <subfield code="d">1813-1882</subfield>
            <subfield code="t">Østenfor sol og vestenfor måne</subfield>
            <subfield code="0">(NO-TrBIB)900538</subfield>
        </datafield>
        <datafield tag="700" ind1="5" ind2=" ">
            <subfield code="2"/>
            <subfield code="a">Raspe, Rudolf Erich</subfield>
            <subfield code="d">1737-1794</subfield>
            <subfield code="t">Med Münchhausen til månen</subfield>
            <subfield code="0">(NO-TrBIB)909214</subfield>
        </datafield>
        <datafield tag="700" ind1="6" ind2=" ">
            <subfield code="a">Ørjasæter, Tordis</subfield>
            <subfield code="d">1927-</subfield>
            <subfield code="0">(NO-TrBIB)90092705</subfield>
            <subfield code="4">e</subfield>
        </datafield>
        <datafield tag="700" ind1="6" ind2=" ">
            <subfield code="2"/>
            <subfield code="a">Eriksson, Eva</subfield>
            <subfield code="d">1949-</subfield>
            <subfield code="t">Tannreisen</subfield>
            <subfield code="0">(NO-TrBIB)100524</subfield>
        </datafield>
        <datafield tag="700" ind1="6" ind2=" ">
            <subfield code="2"/>
            <subfield code="a">Kirkegaard, Ole Lund</subfield>
            <subfield code="d">1940-1979</subfield>
            <subfield code="t">Hodja og det flyvende teppet</subfield>
            <subfield code="0">(NO-TrBIB)900601</subfield>
        </datafield>
        <datafield tag="700" ind1="7" ind2=" ">
            <subfield code="2"/>
            <subfield code="a">Hoban, Russell</subfield>
            <subfield code="d">1925-2011</subfield>
            <subfield code="t">De kom fra ARRGH!</subfield>
            <subfield code="0">(NO-TrBIB)902147</subfield>
        </datafield>
        <datafield tag="700" ind1="8" ind2=" ">
            <subfield code="2"/>
            <subfield code="a">Bringsværd, Tor Åge</subfield>
            <subfield code="d">1939-</subfield>
            <subfield code="t">Ruffen på nye eventyr</subfield>
            <subfield code="0">(NO-TrBIB)900589</subfield>
        </datafield>
        <datafield tag="700" ind1="8" ind2=" ">
            <subfield code="2"/>
            <subfield code="a">Hallqvist, Britt G.</subfield>
            <subfield code="d">1914-1997</subfield>
            <subfield code="t">Sideveien</subfield>
            <subfield code="0">(NO-TrBIB)901244</subfield>
        </datafield>
        <datafield tag="700" ind1="8" ind2=" ">
            <subfield code="2"/>
            <subfield code="a">Wiemer, Rudolf Otto</subfield>
            <subfield code="t">Jonas og hvalen</subfield>
            <subfield code="0">(NO-TrBIB)100624</subfield>
        </datafield>
        <datafield tag="700" ind1="9" ind2=" ">
            <subfield code="2"/>
            <subfield code="a">Kleveland, Jon</subfield>
            <subfield code="d">1856-1935</subfield>
            <subfield code="t">Daidalos, Ikaros og vingene</subfield>
            <subfield code="0">(NO-TrBIB)15338873744</subfield>
        </datafield>
        <datafield tag="700" ind1="9" ind2=" ">
            <subfield code="2"/>
            <subfield code="a">Lööf, Jan</subfield>
            <subfield code="d">1940-</subfield>
            <subfield code="t">Morfar er sjørøver</subfield>
            <subfield code="0">(NO-TrBIB)903748</subfield>
        </datafield>
        <datafield tag="700" ind1="9" ind2=" ">
            <subfield code="2"/>
            <subfield code="a">Milne, A.A.</subfield>
            <subfield code="d">1882-1956</subfield>
            <subfield code="q">(Alan Alexander)</subfield>
            <subfield code="t">En ekspedisjon til Nordpolen</subfield>
            <subfield code="0">(NO-TrBIB)15761046000</subfield>
        </datafield>
        <datafield tag="700" ind1="t" ind2=" ">
            <subfield code="2"/>
            <subfield code="a">Janosch</subfield>
            <subfield code="d">1931-</subfield>
            <subfield code="t">Til Panama, til Panama!</subfield>
            <subfield code="0">(NO-TrBIB)900606</subfield>
        </datafield>
        <datafield tag="740" ind1="0" ind2=" ">
            <subfield code="a">lille toget</subfield>
        </datafield>
        <datafield tag="773" ind1="0" ind2="8">
            <subfield code="i">Inkludert i</subfield>
            <subfield code="t">Barnas beste</subfield>
            <subfield code="d">[Oslo] : Cappelen, 1981-    .</subfield>
            <subfield code="w">(NO-TrBIB)10195803x</subfield>
        </datafield>
    </record>