
    <record>
        <leader>04581cam a2200973 c 4500</leader>
        <controlfield tag="001">999003211804702202</controlfield>
        <controlfield tag="005">20230312141204.0</controlfield>
        <controlfield tag="007">cr||||||||||||</controlfield>
        <controlfield tag="007">ta</controlfield>
        <controlfield tag="008">150707s1989    no#||||j |||||000|1|nob|d</controlfield>
        <datafield tag="020" ind1=" " ind2=" ">
            <subfield code="a">8202120802</subfield>
            <subfield code="q">ib.</subfield>
            <subfield code="c">Nkr 124.00</subfield>
        </datafield>
        <datafield tag="020" ind1=" " ind2=" ">
            <subfield code="a">8252517145</subfield>
            <subfield code="q">Ungdomsbokklubben</subfield>
            <subfield code="q">ib.</subfield>
            <subfield code="c">Ikke i bokhandelen</subfield>
        </datafield>
        <datafield tag="041" ind1="1" ind2=" ">
            <subfield code="h">swe</subfield>
        </datafield>
        <datafield tag="082" ind1="7" ind2="4">
            <subfield code="a">808.83</subfield>
            <subfield code="q">NO-OsNB</subfield>
            <subfield code="2">4/nor</subfield>
        </datafield>
        <datafield tag="245" ind1="0" ind2="0">
            <subfield code="a">Spøkelsestimen :</subfield>
            <subfield code="b">"Likkistesnekkeren" og andre grøssere</subfield>
            <subfield code="c">Barbro Werkmäster (red.) ; oversatt av Jón Sveinbjørn Jónsson</subfield>
        </datafield>
        <datafield tag="246" ind1="1" ind2=" ">
            <subfield code="a">Nya spöktimmen.</subfield>
            <subfield code="i">Originaltittel</subfield>
        </datafield>
        <datafield tag="260" ind1=" " ind2=" ">
            <subfield code="a">[Oslo]</subfield>
            <subfield code="b">Cappelen</subfield>
            <subfield code="c">1989</subfield>
        </datafield>
        <datafield tag="300" ind1=" " ind2=" ">
            <subfield code="a">184 s.</subfield>
            <subfield code="b">ill.</subfield>
            <subfield code="c">24 cm</subfield>
        </datafield>
        <datafield tag="336" ind1=" " ind2=" ">
            <subfield code="a">text</subfield>
            <subfield code="0">http://rdaregistry.info/termList/RDAContentType/1020</subfield>
        </datafield>
        <datafield tag="337" ind1=" " ind2=" ">
            <subfield code="a">unmediated</subfield>
            <subfield code="0">http://rdaregistry.info/termList/RDAMediaType/1007</subfield>
        </datafield>
        <datafield tag="338" ind1=" " ind2=" ">
            <subfield code="a">volume</subfield>
            <subfield code="0">http://rdaregistry.info/termList/RDACarrierType/1049</subfield>
            <subfield code="2">rdacarrier</subfield>
        </datafield>
        <datafield tag="380" ind1=" " ind2=" ">
            <subfield code="a">Language-based work</subfield>
            <subfield code="0">https://schema.nb.no/Bibliographic/Values/V1000</subfield>
        </datafield>
        <datafield tag="700" ind1="1" ind2=" ">
            <subfield code="a">Jónsson, Jón Sveinbjørn</subfield>
            <subfield code="d">1955-2008</subfield>
            <subfield code="0">(NO-TrBIB)90113227</subfield>
            <subfield code="4">trl</subfield>
        </datafield>
        <datafield tag="700" ind1="1" ind2=" ">
            <subfield code="a">Werkmäster, Barbro</subfield>
            <subfield code="d">1932-</subfield>
            <subfield code="0">(NO-TrBIB)90371161</subfield>
        </datafield>
        <datafield tag="700" ind1="1" ind2=" ">
            <subfield code="a">Werkmäster, Barbro</subfield>
            <subfield code="d">1932-</subfield>
            <subfield code="e">red.</subfield>
            <subfield code="0">(NO-TrBIB)90371161</subfield>
            <subfield code="4">edt</subfield>
        </datafield>
        <datafield tag="700" ind1="1" ind2="2">
            <subfield code="a">Asbjørnsen, P. Chr.</subfield>
            <subfield code="d">1812-1885</subfield>
            <subfield code="q">(Peter Christen)</subfield>
            <subfield code="t">Fra "En gammeldags julaften"</subfield>
            <subfield code="0">(NO-TrBIB)90060686</subfield>
        </datafield>
        <datafield tag="700" ind1="1" ind2="2">
            <subfield code="a">Asbjørnsen, P. Chr.</subfield>
            <subfield code="d">1812-1885</subfield>
            <subfield code="q">(Peter Christen)</subfield>
            <subfield code="t">Venner i liv og død</subfield>
            <subfield code="0">(NO-TrBIB)90060686</subfield>
        </datafield>
        <datafield tag="700" ind1="1" ind2="2">
            <subfield code="a">Bierce, Ambrose</subfield>
            <subfield code="d">182-1914</subfield>
            <subfield code="t">John Bartines ur</subfield>
            <subfield code="0">(NO-TrBIB)90187130</subfield>
        </datafield>
        <datafield tag="700" ind1="1" ind2="2">
            <subfield code="a">Bradbury, Ray</subfield>
            <subfield code="d">1920-2012</subfield>
            <subfield code="t">Mannen ovenpå</subfield>
            <subfield code="0">(NO-TrBIB)90083059</subfield>
        </datafield>
        <datafield tag="700" ind1="1" ind2="2">
            <subfield code="a">Cecil, Henry</subfield>
            <subfield code="t">Bevis</subfield>
            <subfield code="0">(NO-TrBIB)90321543</subfield>
        </datafield>
        <datafield tag="700" ind1="1" ind2="2">
            <subfield code="a">De Maupassant, Guy</subfield>
            <subfield code="t">Hånden</subfield>
            <subfield code="0">(NO-TrBIB)10051997</subfield>
        </datafield>
        <datafield tag="700" ind1="1" ind2="2">
            <subfield code="a">Dickens, Charles</subfield>
            <subfield code="d">1812-1870</subfield>
            <subfield code="t">Banevokteren</subfield>
            <subfield code="0">(NO-TrBIB)90051428</subfield>
        </datafield>
        <datafield tag="700" ind1="1" ind2="2">
            <subfield code="a">Doyle, Arthur Conan</subfield>
            <subfield code="d">1859-1930</subfield>
            <subfield code="t">Den brune hånden</subfield>
            <subfield code="0">(NO-TrBIB)90059591</subfield>
        </datafield>
        <datafield tag="700" ind1="1" ind2="2">
            <subfield code="a">Elmgren, Elils</subfield>
            <subfield code="t">"Jeg er ikke død"</subfield>
            <subfield code="0">(NO-TrBIB)10052379</subfield>
        </datafield>
        <datafield tag="700" ind1="1" ind2="2">
            <subfield code="a">Hamsun, Knut</subfield>
            <subfield code="d">1859-1952</subfield>
            <subfield code="t">Et spøkelse</subfield>
            <subfield code="0">(NO-TrBIB)90052521</subfield>
        </datafield>
        <datafield tag="700" ind1="1" ind2="2">
            <subfield code="a">Hofberg, Herman</subfield>
            <subfield code="t">Mylingen</subfield>
            <subfield code="0">(NO-TrBIB)90233406</subfield>
        </datafield>
        <datafield tag="700" ind1="1" ind2="2">
            <subfield code="a">Jaeger, Frank</subfield>
            <subfield code="t">Presten i Herløw</subfield>
            <subfield code="0">(NO-TrBIB)10054611</subfield>
        </datafield>
        <datafield tag="700" ind1="1" ind2="2">
            <subfield code="a">Lagerlöf, Selma</subfield>
            <subfield code="d">1858-1940</subfield>
            <subfield code="t">Nissen på Töreby</subfield>
            <subfield code="0">(NO-TrBIB)90060370</subfield>
        </datafield>
        <datafield tag="700" ind1="1" ind2="2">
            <subfield code="a">Lundgren, Max</subfield>
            <subfield code="d">1937-2005</subfield>
            <subfield code="t">Møtet med den grå mannen</subfield>
            <subfield code="0">(NO-TrBIB)90131708</subfield>
        </datafield>
        <datafield tag="700" ind1="1" ind2="2">
            <subfield code="a">Middelton, Richard Barham</subfield>
            <subfield code="t">Spøkelsesskipet</subfield>
            <subfield code="0">(NO-TrBIB)10056656</subfield>
        </datafield>
        <datafield tag="700" ind1="1" ind2="2">
            <subfield code="a">Moe, Jørgen</subfield>
            <subfield code="d">1813-1882</subfield>
            <subfield code="t">Fra "En gammeldags julaften"</subfield>
            <subfield code="0">(NO-TrBIB)90053857</subfield>
        </datafield>
        <datafield tag="700" ind1="1" ind2="2">
            <subfield code="a">Moe, Jørgen</subfield>
            <subfield code="d">1813-1882</subfield>
            <subfield code="t">Venner i liv og død</subfield>
            <subfield code="0">(NO-TrBIB)90053857</subfield>
        </datafield>
        <datafield tag="700" ind1="1" ind2="2">
            <subfield code="a">Munroe, H. H.</subfield>
            <subfield code="t">Det åpne vinduet</subfield>
            <subfield code="0">(NO-TrBIB)10056910</subfield>
        </datafield>
        <datafield tag="700" ind1="1" ind2="2">
            <subfield code="a">Munroe, H. H.</subfield>
            <subfield code="t">Gabriel-Ernest</subfield>
            <subfield code="0">(NO-TrBIB)10056910</subfield>
        </datafield>
        <datafield tag="700" ind1="1" ind2="2">
            <subfield code="a">Nihlén, John</subfield>
            <subfield code="t">Den leende steinstøtten</subfield>
            <subfield code="0">(NO-TrBIB)90073544</subfield>
        </datafield>
        <datafield tag="700" ind1="1" ind2="2">
            <subfield code="a">Poe, Edgar Allan</subfield>
            <subfield code="d">1809-1849</subfield>
            <subfield code="t">Metzengerstein</subfield>
            <subfield code="0">(NO-TrBIB)90081220</subfield>
        </datafield>
        <datafield tag="700" ind1="1" ind2="2">
            <subfield code="a">Twain, Mark</subfield>
            <subfield code="d">1835-1910</subfield>
            <subfield code="t">En spøkelseshistorie</subfield>
            <subfield code="0">(NO-TrBIB)90056487</subfield>
        </datafield>
        <datafield tag="740" ind1="0" ind2=" ">
            <subfield code="a">Gullbeinet</subfield>
        </datafield>
        <datafield tag="740" ind1="0" ind2=" ">
            <subfield code="a">Hans og husbonden hans</subfield>
        </datafield>
        <datafield tag="740" ind1="0" ind2=" ">
            <subfield code="a">Molly Dixon er død</subfield>
        </datafield>
        <datafield tag="740" ind1="0" ind2=" ">
            <subfield code="a">Ringen</subfield>
        </datafield>
        <datafield tag="740" ind1="3" ind2=" ">
            <subfield code="a">Et spøkelsesmåltid</subfield>
        </datafield>
        <datafield tag="740" ind1="4" ind2=" ">
            <subfield code="a">Den hodeløse rytteren</subfield>
        </datafield>
    </record>