
    <record>
        <leader>01079cam a2200325 c 4500</leader>
        <controlfield tag="001">999104524074702202</controlfield>
        <controlfield tag="005">20160622162809.0</controlfield>
        <controlfield tag="007">ta</controlfield>
        <controlfield tag="008">910422s1975    no#|||||||||||000|1|nob| </controlfield>
        <datafield tag="041" ind1="1" ind2=" ">
            <subfield code="h">eng</subfield>
        </datafield>
        <datafield tag="082" ind1="7" ind2="4">
            <subfield code="a"> 812</subfield>
            <subfield code="q">NO-OsNB</subfield>
            <subfield code="2">3/nor</subfield>
        </datafield>
        <datafield tag="100" ind1="1" ind2=" ">
            <subfield code="a">Bradbury, Ray</subfield>
            <subfield code="d">1920-2012</subfield>
            <subfield code="0">(NO-TrBIB)90083059</subfield>
        </datafield>
        <datafield tag="245" ind1="1" ind2="0">
            <subfield code="a">Fotgjengeren</subfield>
            <subfield code="c">overs. og lagt til rette for radio av Arild Feldborg</subfield>
        </datafield>
        <datafield tag="260" ind1=" " ind2=" ">
            <subfield code="a">&lt;Oslo&gt;</subfield>
            <subfield code="c">&lt;1975&gt;</subfield>
        </datafield>
        <datafield tag="300" ind1=" " ind2=" ">
            <subfield code="a">Bl. 25, pag. bl.</subfield>
            <subfield code="b">4#j.</subfield>
        </datafield>
        <datafield tag="336" ind1=" " ind2=" ">
            <subfield code="a">text</subfield>
            <subfield code="0">http://rdaregistry.info/termList/RDAContentType/1020</subfield>
        </datafield>
        <datafield tag="337" ind1=" " ind2=" ">
            <subfield code="a">unmediated</subfield>
            <subfield code="0">http://rdaregistry.info/termList/RDAMediaType/1007</subfield>
        </datafield>
        <datafield tag="338" ind1=" " ind2=" ">
            <subfield code="a">volume</subfield>
            <subfield code="0">http://rdaregistry.info/termList/RDACarrierType/1049</subfield>
            <subfield code="2">rdacarrier</subfield>
        </datafield>
        <datafield tag="380" ind1=" " ind2=" ">
            <subfield code="a">Language-based work</subfield>
            <subfield code="0">https://schema.nb.no/Bibliographic/Values/V1000</subfield>
        </datafield>
        <datafield tag="500" ind1=" " ind2=" ">
            <subfield code="a">Hørespill sendt av Norsk rikskringkasting 27. des. 1975</subfield>
        </datafield>
        <datafield tag="700" ind1="1" ind2=" ">
            <subfield code="a">Feldborg, Arild</subfield>
            <subfield code="d">1912-1987</subfield>
            <subfield code="4">trl</subfield>
            <subfield code="0">(NO-TrBIB)90109186</subfield>
        </datafield>
    </record>