
    <record>
        <leader>04219cam a2200925 c 4500</leader>
        <controlfield tag="001">999113092764702202</controlfield>
        <controlfield tag="005">20230312182527.0</controlfield>
        <controlfield tag="007">cr||||||||||||</controlfield>
        <controlfield tag="007">ta</controlfield>
        <controlfield tag="008">150724s1991    no ||||j |||||000|1|nob|d</controlfield>
        <datafield tag="020" ind1=" " ind2=" ">
            <subfield code="a">8205204829</subfield>
            <subfield code="q">ib.</subfield>
            <subfield code="c">Nkr 178.00</subfield>
        </datafield>
        <datafield tag="082" ind1="0" ind2="4">
            <subfield code="a">813.008</subfield>
            <subfield code="2">23</subfield>
        </datafield>
        <datafield tag="082" ind1="7" ind2="4">
            <subfield code="a">808.83</subfield>
            <subfield code="q">NO-OsNB</subfield>
            <subfield code="2">4/nor</subfield>
        </datafield>
        <datafield tag="245" ind1="0" ind2="0">
            <subfield code="a">Minner om fremtiden :</subfield>
            <subfield code="b">fabelprosa 2</subfield>
            <subfield code="c">Bing &amp; Bringsværd (red.)</subfield>
        </datafield>
        <datafield tag="260" ind1=" " ind2=" ">
            <subfield code="a">Oslo</subfield>
            <subfield code="b">Gyldendal</subfield>
            <subfield code="c">1991</subfield>
        </datafield>
        <datafield tag="300" ind1=" " ind2=" ">
            <subfield code="a">182 s.</subfield>
            <subfield code="c">22 cm</subfield>
        </datafield>
        <datafield tag="336" ind1=" " ind2=" ">
            <subfield code="a">text</subfield>
            <subfield code="0">http://rdaregistry.info/termList/RDAContentType/1020</subfield>
        </datafield>
        <datafield tag="337" ind1=" " ind2=" ">
            <subfield code="a">unmediated</subfield>
            <subfield code="0">http://rdaregistry.info/termList/RDAMediaType/1007</subfield>
        </datafield>
        <datafield tag="338" ind1=" " ind2=" ">
            <subfield code="a">volume</subfield>
            <subfield code="0">http://rdaregistry.info/termList/RDACarrierType/1049</subfield>
            <subfield code="2">rdacarrier</subfield>
        </datafield>
        <datafield tag="380" ind1=" " ind2=" ">
            <subfield code="a">Language-based work</subfield>
            <subfield code="0">https://schema.nb.no/Bibliographic/Values/V1000</subfield>
        </datafield>
        <datafield tag="700" ind1="1" ind2=" ">
            <subfield code="a">Haraldsen, Egil</subfield>
            <subfield code="d">1945-</subfield>
            <subfield code="0">(NO-TrBIB)11024750</subfield>
            <subfield code="4">bjd</subfield>
        </datafield>
        <datafield tag="700" ind1="1" ind2="2">
            <subfield code="a">Asimov, Isaac</subfield>
            <subfield code="d">1920-1992</subfield>
            <subfield code="t">Fornuft</subfield>
            <subfield code="0">(NO-TrBIB)90104376</subfield>
        </datafield>
        <datafield tag="700" ind1="1" ind2="2">
            <subfield code="a">Ballard, J.G.</subfield>
            <subfield code="d">1930-2009</subfield>
            <subfield code="t">Stellavistas tusen drømmer</subfield>
            <subfield code="0">(NO-TrBIB)90199005</subfield>
        </datafield>
        <datafield tag="700" ind1="1" ind2="2">
            <subfield code="a">Bester, Alfred</subfield>
            <subfield code="d">1913-1987</subfield>
            <subfield code="t">Herlige Celsius</subfield>
            <subfield code="0">(NO-TrBIB)90083185</subfield>
        </datafield>
        <datafield tag="700" ind1="1" ind2="2">
            <subfield code="a">Bing, Jon</subfield>
            <subfield code="d">1944-2014</subfield>
            <subfield code="t">Kart over fantastisk litteratur</subfield>
            <subfield code="e">red.</subfield>
            <subfield code="0">(NO-TrBIB)90065026</subfield>
            <subfield code="4">edt</subfield>
        </datafield>
        <datafield tag="700" ind1="1" ind2="2">
            <subfield code="a">Bradbury, Ray</subfield>
            <subfield code="d">1920-2012</subfield>
            <subfield code="t">Den korte sommeren</subfield>
            <subfield code="0">(NO-TrBIB)90083059</subfield>
        </datafield>
        <datafield tag="700" ind1="1" ind2="2">
            <subfield code="a">Bringsværd, Tor Åge</subfield>
            <subfield code="d">1939-</subfield>
            <subfield code="t">Kart over fantastisk litteratur</subfield>
            <subfield code="e">red.</subfield>
            <subfield code="0">(NO-TrBIB)90058926</subfield>
            <subfield code="4">edt</subfield>
        </datafield>
        <datafield tag="700" ind1="1" ind2="2">
            <subfield code="a">Brown, Fredric</subfield>
            <subfield code="t">En slutt</subfield>
            <subfield code="0">(NO-TrBIB)98051350</subfield>
        </datafield>
        <datafield tag="700" ind1="1" ind2="2">
            <subfield code="a">Ellison, Harlan</subfield>
            <subfield code="d">1934-</subfield>
            <subfield code="t">Jeg vil skrike, men har ingen munn</subfield>
            <subfield code="0">(NO-TrBIB)5015711</subfield>
        </datafield>
        <datafield tag="700" ind1="1" ind2="2">
            <subfield code="a">Glaser, Alice</subfield>
            <subfield code="t">Det er en tunnel i din fremtid</subfield>
            <subfield code="0">(NO-TrBIB)10053174</subfield>
        </datafield>
        <datafield tag="700" ind1="1" ind2="2">
            <subfield code="a">Matheson, Richard</subfield>
            <subfield code="d">1926-2013</subfield>
            <subfield code="t">Lazarus 2</subfield>
            <subfield code="0">(NO-TrBIB)90081040</subfield>
        </datafield>
        <datafield tag="700" ind1="1" ind2="2">
            <subfield code="a">McCaffrey, Anne</subfield>
            <subfield code="d">1926-2011</subfield>
            <subfield code="t">Skipet som sang</subfield>
            <subfield code="0">(NO-TrBIB)90152837</subfield>
        </datafield>
        <datafield tag="700" ind1="1" ind2="2">
            <subfield code="a">Sheckley, Robert</subfield>
            <subfield code="t">Bellwether ordner alt!</subfield>
            <subfield code="0">(NO-TrBIB)90222749</subfield>
        </datafield>
        <datafield tag="700" ind1="1" ind2="2">
            <subfield code="a">Vonnegut, Kurt</subfield>
            <subfield code="d">1922-2007</subfield>
            <subfield code="t">Tralfamadore</subfield>
            <subfield code="0">(NO-TrBIB)90088912</subfield>
        </datafield>
        <datafield tag="700" ind1="1" ind2="2">
            <subfield code="a">Wellman, Manly Wade</subfield>
            <subfield code="t">Stjernene der nede</subfield>
            <subfield code="0">(NO-TrBIB)10062328</subfield>
        </datafield>
    </record>