
    <record>
        <leader>03709cam a2200805 c 4500</leader>
        <controlfield tag="001">999219328124702202</controlfield>
        <controlfield tag="005">20230330104557.0</controlfield>
        <controlfield tag="007">cr||||||||||||</controlfield>
        <controlfield tag="007">ta</controlfield>
        <controlfield tag="008">150611s1992    no ||||j |||||000|1|nob| </controlfield>
        <datafield tag="020" ind1=" " ind2=" ">
            <subfield code="a">8205209332</subfield>
            <subfield code="q">ib.</subfield>
            <subfield code="c">Nkr 198.00</subfield>
        </datafield>
        <datafield tag="080" ind1=" " ind2=" ">
            <subfield code="a">82(08)-3</subfield>
        </datafield>
        <datafield tag="082" ind1="0" ind2="4">
            <subfield code="a">808.83</subfield>
            <subfield code="2">23</subfield>
        </datafield>
        <datafield tag="082" ind1="7" ind2="4">
            <subfield code="a">808.83</subfield>
            <subfield code="q">NO-OsNB</subfield>
            <subfield code="2">4/nor</subfield>
        </datafield>
        <datafield tag="245" ind1="0" ind2="0">
            <subfield code="a">Drager og datamaskiner :</subfield>
            <subfield code="b">fabelprosa IV</subfield>
            <subfield code="c">Bing &amp; Bringsværd (red.)</subfield>
        </datafield>
        <datafield tag="260" ind1=" " ind2=" ">
            <subfield code="a">Oslo</subfield>
            <subfield code="b">Gyldendal</subfield>
            <subfield code="c">1992</subfield>
        </datafield>
        <datafield tag="300" ind1=" " ind2=" ">
            <subfield code="a">195 s.</subfield>
            <subfield code="c">22 cm</subfield>
        </datafield>
        <datafield tag="336" ind1=" " ind2=" ">
            <subfield code="a">text</subfield>
            <subfield code="0">http://rdaregistry.info/termList/RDAContentType/1020</subfield>
        </datafield>
        <datafield tag="337" ind1=" " ind2=" ">
            <subfield code="a">unmediated</subfield>
            <subfield code="0">http://rdaregistry.info/termList/RDAMediaType/1007</subfield>
        </datafield>
        <datafield tag="338" ind1=" " ind2=" ">
            <subfield code="a">volume</subfield>
            <subfield code="0">http://rdaregistry.info/termList/RDACarrierType/1049</subfield>
            <subfield code="2">rdacarrier</subfield>
        </datafield>
        <datafield tag="380" ind1=" " ind2=" ">
            <subfield code="a">Language-based work</subfield>
            <subfield code="0">https://schema.nb.no/Bibliographic/Values/V1000</subfield>
        </datafield>
        <datafield tag="700" ind1="1" ind2=" ">
            <subfield code="a">Bing, Jon</subfield>
            <subfield code="d">1944-2014</subfield>
            <subfield code="e">red.</subfield>
            <subfield code="0">(NO-TrBIB)90065026</subfield>
            <subfield code="4">edt</subfield>
        </datafield>
        <datafield tag="700" ind1="1" ind2=" ">
            <subfield code="a">Bringsværd, Tor Åge</subfield>
            <subfield code="d">1939-</subfield>
            <subfield code="e">red.</subfield>
            <subfield code="0">(NO-TrBIB)90058926</subfield>
            <subfield code="4">edt</subfield>
        </datafield>
        <datafield tag="700" ind1="1" ind2="2">
            <subfield code="a">Aldiss, Brian W.</subfield>
            <subfield code="d">1925-</subfield>
            <subfield code="t">Hvem kan erstatte et menneske?</subfield>
            <subfield code="0">(NO-TrBIB)90056060</subfield>
        </datafield>
        <datafield tag="700" ind1="1" ind2="2">
            <subfield code="a">Ballard, J.G.</subfield>
            <subfield code="d">1930-2009</subfield>
            <subfield code="t">Kutt 12</subfield>
            <subfield code="0">(NO-TrBIB)90199005</subfield>
        </datafield>
        <datafield tag="700" ind1="1" ind2="2">
            <subfield code="a">Bixby, Jerome</subfield>
            <subfield code="t">Det er et fint liv</subfield>
            <subfield code="0">(NO-TrBIB)10050830</subfield>
        </datafield>
        <datafield tag="700" ind1="1" ind2="2">
            <subfield code="a">Bradbury, Ray</subfield>
            <subfield code="d">1920-2012</subfield>
            <subfield code="t">Dragen</subfield>
            <subfield code="0">(NO-TrBIB)90083059</subfield>
        </datafield>
        <datafield tag="700" ind1="1" ind2="2">
            <subfield code="a">Bradbury, Ray</subfield>
            <subfield code="d">1920-2012</subfield>
            <subfield code="t">Savanne</subfield>
            <subfield code="0">(NO-TrBIB)90083059</subfield>
        </datafield>
        <datafield tag="700" ind1="1" ind2="2">
            <subfield code="a">Calvino, Italo</subfield>
            <subfield code="d">1923-1985</subfield>
            <subfield code="t">Avstanden til månen</subfield>
            <subfield code="0">(NO-TrBIB)90069217</subfield>
        </datafield>
        <datafield tag="700" ind1="1" ind2="2">
            <subfield code="a">Clarke, Arthur C.</subfield>
            <subfield code="d">1917-2008</subfield>
            <subfield code="q">(Arthur Charles)</subfield>
            <subfield code="t">Et problem for historikere</subfield>
            <subfield code="0">(NO-TrBIB)90725602</subfield>
        </datafield>
        <datafield tag="700" ind1="1" ind2="2">
            <subfield code="a">Clarke, Arthur C.</subfield>
            <subfield code="d">1917-2008</subfield>
            <subfield code="q">(Arthur Charles)</subfield>
            <subfield code="t">Stjernen</subfield>
            <subfield code="0">(NO-TrBIB)90725602</subfield>
        </datafield>
        <datafield tag="700" ind1="1" ind2="2">
            <subfield code="a">Lem, Stanisław</subfield>
            <subfield code="d">1921-2006</subfield>
            <subfield code="t">Datamaskinen som sloss mot dragen</subfield>
            <subfield code="0">(NO-TrBIB)90060376</subfield>
        </datafield>
        <datafield tag="700" ind1="1" ind2="2">
            <subfield code="a">Paz, Octavio</subfield>
            <subfield code="d">1914-1998</subfield>
            <subfield code="t">Mitt liv med bølgen</subfield>
            <subfield code="0">(NO-TrBIB)90128563</subfield>
        </datafield>
        <datafield tag="700" ind1="1" ind2="2">
            <subfield code="a">Shaw, Bob</subfield>
            <subfield code="t">Lys fra andre dager</subfield>
            <subfield code="0">(NO-TrBIB)9069015</subfield>
        </datafield>
        <datafield tag="700" ind1="1" ind2="2">
            <subfield code="a">Sheckley, Robert</subfield>
            <subfield code="t">I skuddet</subfield>
            <subfield code="0">(NO-TrBIB)90222749</subfield>
        </datafield>
        <datafield tag="700" ind1="1" ind2="2">
            <subfield code="a">Smith, Cordwainer</subfield>
            <subfield code="d">1913-1966</subfield>
            <subfield code="t">Et spill om rotte og drage</subfield>
            <subfield code="0">(NO-TrBIB)8046668</subfield>
        </datafield>
        <datafield tag="700" ind1="1" ind2="2">
            <subfield code="a">Tucker, Bob</subfield>
            <subfield code="t">Turisttrafikk</subfield>
            <subfield code="0">(NO-TrBIB)10061879</subfield>
        </datafield>
        <datafield tag="700" ind1="1" ind2="2">
            <subfield code="a">Van Vogt, A.E.</subfield>
            <subfield code="d">1912-2000</subfield>
            <subfield code="q">(Alfred Elton)</subfield>
            <subfield code="t">Forhekset landsby</subfield>
            <subfield code="0">(NO-TrBIB)90952744</subfield>
        </datafield>
        <datafield tag="710" ind1="2" ind2=" ">
            <subfield code="a">Exil design</subfield>
            <subfield code="0">(NO-TrBIB)15025773</subfield>
        </datafield>
    </record>