
    <record>
        <leader>02453cam a2200601 c 4500</leader>
        <controlfield tag="001">999616448344702202</controlfield>
        <controlfield tag="005">20230401051133.0</controlfield>
        <controlfield tag="007">cr||||||||||||</controlfield>
        <controlfield tag="007">ta</controlfield>
        <controlfield tag="008">150323s1979    no#||||j |||||000|0|nob| </controlfield>
        <datafield tag="020" ind1=" " ind2=" ">
            <subfield code="a">8253203691</subfield>
            <subfield code="q">h.</subfield>
            <subfield code="c">Nkr 39.50</subfield>
        </datafield>
        <datafield tag="041" ind1="1" ind2=" ">
            <subfield code="h">eng</subfield>
        </datafield>
        <datafield tag="082" ind1="7" ind2="4">
            <subfield code="a"> 823</subfield>
            <subfield code="q">NO-OsNB</subfield>
            <subfield code="2">3/nor</subfield>
        </datafield>
        <datafield tag="245" ind1="0" ind2="0">
            <subfield code="a">Space 2 :</subfield>
            <subfield code="b">en samling science fiction historier</subfield>
            <subfield code="c">ved Richard Davis ; [oversatt av Tor Broadhurst]</subfield>
        </datafield>
        <datafield tag="246" ind1="1" ind2=" ">
            <subfield code="a">Space 2</subfield>
            <subfield code="i">Originaltittel</subfield>
        </datafield>
        <datafield tag="260" ind1=" " ind2=" ">
            <subfield code="a">Stavanger</subfield>
            <subfield code="b">Stabenfeldt</subfield>
            <subfield code="c">1979</subfield>
        </datafield>
        <datafield tag="300" ind1=" " ind2=" ">
            <subfield code="a">158 s.</subfield>
        </datafield>
        <datafield tag="336" ind1=" " ind2=" ">
            <subfield code="a">text</subfield>
            <subfield code="0">http://rdaregistry.info/termList/RDAContentType/1020</subfield>
        </datafield>
        <datafield tag="337" ind1=" " ind2=" ">
            <subfield code="a">unmediated</subfield>
            <subfield code="0">http://rdaregistry.info/termList/RDAMediaType/1007</subfield>
        </datafield>
        <datafield tag="338" ind1=" " ind2=" ">
            <subfield code="a">volume</subfield>
            <subfield code="0">http://rdaregistry.info/termList/RDACarrierType/1049</subfield>
            <subfield code="2">rdacarrier</subfield>
        </datafield>
        <datafield tag="380" ind1=" " ind2=" ">
            <subfield code="a">Language-based work</subfield>
            <subfield code="0">https://schema.nb.no/Bibliographic/Values/V1000</subfield>
        </datafield>
        <datafield tag="490" ind1="1" ind2=" ">
            <subfield code="a">Stabenfeldts ungdomsbøker</subfield>
            <subfield code="v">23</subfield>
        </datafield>
        <datafield tag="700" ind1="1" ind2=" ">
            <subfield code="a">Broadhurst, Tor</subfield>
            <subfield code="0">(NO-TrBIB)10051202</subfield>
            <subfield code="4">trl</subfield>
        </datafield>
        <datafield tag="700" ind1="1" ind2=" ">
            <subfield code="a">Davis, Richard</subfield>
            <subfield code="e">red.</subfield>
            <subfield code="0">(NO-TrBIB)10051991</subfield>
            <subfield code="4">edt</subfield>
        </datafield>
        <datafield tag="700" ind1="1" ind2="2">
            <subfield code="a">Aldiss, Brian</subfield>
            <subfield code="t">Gjenstanden under isbreen</subfield>
            <subfield code="0">(NO-TrBIB)10050019</subfield>
        </datafield>
        <datafield tag="700" ind1="1" ind2="2">
            <subfield code="a">Bradbury, Ray</subfield>
            <subfield code="d">1920-2012</subfield>
            <subfield code="t">Fremtidens barn</subfield>
            <subfield code="0">(NO-TrBIB)90083059</subfield>
        </datafield>
        <datafield tag="700" ind1="1" ind2="2">
            <subfield code="a">Bulmer, Ken</subfield>
            <subfield code="t">Vannmannen</subfield>
            <subfield code="0">(NO-TrBIB)10051334</subfield>
        </datafield>
        <datafield tag="700" ind1="1" ind2="2">
            <subfield code="a">Cleaver, Pamela</subfield>
            <subfield code="t">Harmoni</subfield>
            <subfield code="0">(NO-TrBIB)10047315</subfield>
        </datafield>
        <datafield tag="700" ind1="1" ind2="2">
            <subfield code="a">Copper, Basil</subfield>
            <subfield code="t">Melding fra stjernene</subfield>
            <subfield code="0">(NO-TrBIB)90056474</subfield>
        </datafield>
        <datafield tag="700" ind1="1" ind2="2">
            <subfield code="a">Fancett, Elizabeth</subfield>
            <subfield code="t">Flyktningene</subfield>
            <subfield code="0">(NO-TrBIB)10052581</subfield>
        </datafield>
        <datafield tag="700" ind1="1" ind2="2">
            <subfield code="a">Klein, T. E. D.</subfield>
            <subfield code="t">Renessanse-mennesket</subfield>
            <subfield code="0">(NO-TrBIB)90076530</subfield>
        </datafield>
        <datafield tag="700" ind1="1" ind2="2">
            <subfield code="a">Stephens, Frances</subfield>
            <subfield code="t">Prosjekt D</subfield>
            <subfield code="0">(NO-TrBIB)10061163</subfield>
        </datafield>
        <datafield tag="700" ind1="1" ind2="2">
            <subfield code="a">Stout, Tim</subfield>
            <subfield code="t">Det levende fossilet</subfield>
            <subfield code="0">(NO-TrBIB)10061233</subfield>
        </datafield>
        <datafield tag="830" ind1=" " ind2="0">
            <subfield code="a">Stabenfeldts ungdomsbøker</subfield>
            <subfield code="v">23</subfield>
        </datafield>
    </record>