
    <record>
        <leader>02782cam a2200661 c 4500</leader>
        <controlfield tag="001">999616448504702202</controlfield>
        <controlfield tag="005">20230401051134.0</controlfield>
        <controlfield tag="007">cr||||||||||||</controlfield>
        <controlfield tag="007">ta</controlfield>
        <controlfield tag="008">140904s1979    no ||||j |||||000|1|nob| </controlfield>
        <datafield tag="020" ind1=" " ind2=" ">
            <subfield code="a">8253203705</subfield>
            <subfield code="q">h.</subfield>
            <subfield code="c">Nkr 39.50</subfield>
        </datafield>
        <datafield tag="041" ind1="1" ind2=" ">
            <subfield code="h">eng</subfield>
        </datafield>
        <datafield tag="082" ind1="7" ind2="4">
            <subfield code="a">823</subfield>
            <subfield code="q">NO-OsNB</subfield>
            <subfield code="2">3/nor</subfield>
        </datafield>
        <datafield tag="245" ind1="0" ind2="0">
            <subfield code="a">Space 3 :</subfield>
            <subfield code="b">en samling science fiction historier</subfield>
            <subfield code="c">ved Richard Davis ; [oversatt av Tor Broadhurst]</subfield>
        </datafield>
        <datafield tag="246" ind1="1" ind2=" ">
            <subfield code="a">Space 3</subfield>
            <subfield code="i">Originaltittel</subfield>
        </datafield>
        <datafield tag="260" ind1=" " ind2=" ">
            <subfield code="a">Stavanger</subfield>
            <subfield code="b">Stabenfeldt</subfield>
            <subfield code="c">1979</subfield>
        </datafield>
        <datafield tag="300" ind1=" " ind2=" ">
            <subfield code="a">159 s.</subfield>
        </datafield>
        <datafield tag="336" ind1=" " ind2=" ">
            <subfield code="a">text</subfield>
            <subfield code="0">http://rdaregistry.info/termList/RDAContentType/1020</subfield>
        </datafield>
        <datafield tag="337" ind1=" " ind2=" ">
            <subfield code="a">unmediated</subfield>
            <subfield code="0">http://rdaregistry.info/termList/RDAMediaType/1007</subfield>
        </datafield>
        <datafield tag="338" ind1=" " ind2=" ">
            <subfield code="a">volume</subfield>
            <subfield code="0">http://rdaregistry.info/termList/RDACarrierType/1049</subfield>
            <subfield code="2">rdacarrier</subfield>
        </datafield>
        <datafield tag="380" ind1=" " ind2=" ">
            <subfield code="a">Language-based work</subfield>
            <subfield code="0">https://schema.nb.no/Bibliographic/Values/V1000</subfield>
        </datafield>
        <datafield tag="490" ind1="1" ind2=" ">
            <subfield code="a">Stabenfeldts ungdomsbøker</subfield>
            <subfield code="v">24</subfield>
        </datafield>
        <datafield tag="700" ind1="1" ind2=" ">
            <subfield code="a">Broadhurst, Tor</subfield>
            <subfield code="0">(NO-TrBIB)10051202</subfield>
            <subfield code="4">trl</subfield>
        </datafield>
        <datafield tag="700" ind1="1" ind2=" ">
            <subfield code="a">Davis, Richard</subfield>
            <subfield code="e">red.</subfield>
            <subfield code="0">(NO-TrBIB)10051991</subfield>
            <subfield code="4">edt</subfield>
        </datafield>
        <datafield tag="700" ind1="1" ind2="2">
            <subfield code="a">Asimov, Isaac</subfield>
            <subfield code="d">1920-1992</subfield>
            <subfield code="t">Å, for en deilig dag-</subfield>
            <subfield code="0">(NO-TrBIB)90104376</subfield>
        </datafield>
        <datafield tag="700" ind1="1" ind2="2">
            <subfield code="a">Bradbury, Ray</subfield>
            <subfield code="d">1920-2012</subfield>
            <subfield code="t">Løvene</subfield>
            <subfield code="0">(NO-TrBIB)90083059</subfield>
        </datafield>
        <datafield tag="700" ind1="1" ind2="2">
            <subfield code="a">Campton, David</subfield>
            <subfield code="t">En tur i skogen</subfield>
            <subfield code="0">(NO-TrBIB)90090731</subfield>
        </datafield>
        <datafield tag="700" ind1="1" ind2="2">
            <subfield code="a">Campton, David</subfield>
            <subfield code="t">Mitt skip er lastet med</subfield>
            <subfield code="0">(NO-TrBIB)90090731</subfield>
        </datafield>
        <datafield tag="700" ind1="1" ind2="2">
            <subfield code="a">Cave, Peter L.</subfield>
            <subfield code="t">Den store nyheten</subfield>
            <subfield code="0">(NO-TrBIB)10051559</subfield>
        </datafield>
        <datafield tag="700" ind1="1" ind2="2">
            <subfield code="a">Harding, Lee</subfield>
            <subfield code="t">Reisen gjennom natten</subfield>
            <subfield code="0">(NO-TrBIB)90600598</subfield>
        </datafield>
        <datafield tag="700" ind1="1" ind2="2">
            <subfield code="a">Mooney, Brian</subfield>
            <subfield code="t">Forsyningsstedet</subfield>
            <subfield code="0">(NO-TrBIB)10056806</subfield>
        </datafield>
        <datafield tag="700" ind1="1" ind2="2">
            <subfield code="a">Timperley, Rosemary</subfield>
            <subfield code="t">Scarbo</subfield>
            <subfield code="0">(NO-TrBIB)6024949</subfield>
        </datafield>
        <datafield tag="700" ind1="1" ind2="2">
            <subfield code="a">Wyndham, John</subfield>
            <subfield code="d">1903-1969</subfield>
            <subfield code="t">Pawleys kikkhull</subfield>
            <subfield code="0">(NO-TrBIB)90057889</subfield>
        </datafield>
        <datafield tag="830" ind1=" " ind2="0">
            <subfield code="a">Stabenfeldts ungdomsbøker</subfield>
            <subfield code="v">24</subfield>
        </datafield>
    </record>