
    <record>
        <leader>01127cam a22003017c 4500</leader>
        <controlfield tag="001">999919841468602202</controlfield>
        <controlfield tag="005">20230125164645.0</controlfield>
        <controlfield tag="007">ta</controlfield>
        <controlfield tag="008">150611s1969    no |||||||||||000|1|nob| </controlfield>
        <datafield tag="020" ind1=" " ind2=" ">
            <subfield code="a">8204001622</subfield>
            <subfield code="q">h.</subfield>
        </datafield>
        <datafield tag="082" ind1="7" ind2="4">
            <subfield code="a">800</subfield>
            <subfield code="2">3/nor</subfield>
            <subfield code="q">NO-OsNB</subfield>
        </datafield>
        <datafield tag="245" ind1="0" ind2="0">
            <subfield code="a">Spennende timer med Bloch og Bradbury</subfield>
            <subfield code="c">[oversatt av Helge Skolem]</subfield>
        </datafield>
        <datafield tag="246" ind1="1" ind2=" ">
            <subfield code="i">Originaltittel:</subfield>
            <subfield code="a">Bloch and Bradbury :</subfield>
            <subfield code="b">ten masterpieces of science fiction</subfield>
        </datafield>
        <datafield tag="260" ind1=" " ind2=" ">
            <subfield code="a">Oslo</subfield>
            <subfield code="b">Fredhøi</subfield>
            <subfield code="c">[1969]</subfield>
        </datafield>
        <datafield tag="300" ind1=" " ind2=" ">
            <subfield code="a">143 s.</subfield>
        </datafield>
        <datafield tag="336" ind1=" " ind2=" ">
            <subfield code="a">text</subfield>
            <subfield code="0">http://rdaregistry.info/termList/RDAContentType/1020</subfield>
        </datafield>
        <datafield tag="337" ind1=" " ind2=" ">
            <subfield code="a">unmediated</subfield>
            <subfield code="0">http://rdaregistry.info/termList/RDAMediaType/1007</subfield>
        </datafield>
        <datafield tag="338" ind1=" " ind2=" ">
            <subfield code="a">volume</subfield>
            <subfield code="0">http://rdaregistry.info/termList/RDACarrierType/1049</subfield>
            <subfield code="2">rdacarrier</subfield>
        </datafield>
        <datafield tag="380" ind1=" " ind2=" ">
            <subfield code="a">Language-based work</subfield>
            <subfield code="0">https://schema.nb.no/Bibliographic/Values/V1000</subfield>
        </datafield>
        <datafield tag="500" ind1=" " ind2=" ">
            <subfield code="a">Samling noveller skrevet av Robert Bloch og Ray Bradbury, utvalgt av Kurt Singer</subfield>
        </datafield>
        <datafield tag="700" ind1="1" ind2=" ">
            <subfield code="a">Bloch, Robert</subfield>
            <subfield code="d">1917-1994</subfield>
            <subfield code="4">aut</subfield>
            <subfield code="0">(NO-TrBIB)90086845</subfield>
        </datafield>
        <datafield tag="700" ind1="1" ind2=" ">
            <subfield code="a">Bradbury, Ray</subfield>
            <subfield code="d">1920-2012</subfield>
            <subfield code="4">aut</subfield>
            <subfield code="0">(NO-TrBIB)90083059</subfield>
        </datafield>
        <datafield tag="700" ind1="1" ind2=" ">
            <subfield code="a">Singer, Kurt</subfield>
            <subfield code="d">1911-2005</subfield>
            <subfield code="0">(NO-TrBIB)11017049</subfield>
            <subfield code="4">edc</subfield>
        </datafield>
        <datafield tag="700" ind1="1" ind2=" ">
            <subfield code="a">Skolem, Helge</subfield>
            <subfield code="d">1912-1979</subfield>
            <subfield code="4">trl</subfield>
            <subfield code="0">(NO-TrBIB)1098248</subfield>
        </datafield>
    </record>