
    <record>
        <leader>02074nam a2200397 c 4500</leader>
        <controlfield tag="001">999920113600702202</controlfield>
        <controlfield tag="005">20230612170115.0</controlfield>
        <controlfield tag="007">ta</controlfield>
        <controlfield tag="008">210120s1970    xxk    e |||||00||1 eng| </controlfield>
        <datafield tag="020" ind1=" " ind2=" ">
            <subfield code="q">heftet</subfield>
        </datafield>
        <datafield tag="100" ind1="1" ind2=" ">
            <subfield code="a">Bradbury, Ray</subfield>
            <subfield code="d">1920-2012</subfield>
            <subfield code="0">(NO-TrBIB)90083059</subfield>
            <subfield code="4">aut</subfield>
        </datafield>
        <datafield tag="245" ind1="1" ind2="0">
            <subfield code="a">Fever Dream :</subfield>
            <subfield code="b">and other Fantasies</subfield>
            <subfield code="c">Ray Bradbury and Robert Bloch</subfield>
        </datafield>
        <datafield tag="246" ind1="1" ind2=" ">
            <subfield code="i">Originaltittel:</subfield>
            <subfield code="a">Bloch and Bradbury</subfield>
        </datafield>
        <datafield tag="264" ind1=" " ind2="1">
            <subfield code="a">London</subfield>
            <subfield code="b">Sphere Books Limited</subfield>
            <subfield code="c">1970</subfield>
        </datafield>
        <datafield tag="300" ind1=" " ind2=" ">
            <subfield code="a">157 sider</subfield>
        </datafield>
        <datafield tag="336" ind1=" " ind2=" ">
            <subfield code="a">tekst</subfield>
            <subfield code="0">http://rdaregistry.info/termList/RDAContentType/1020</subfield>
            <subfield code="2">rdaco</subfield>
        </datafield>
        <datafield tag="337" ind1=" " ind2=" ">
            <subfield code="a">uformidlet</subfield>
            <subfield code="0">http://rdaregistry.info/termList/RDAMediaType/1007</subfield>
            <subfield code="2">rdamt</subfield>
        </datafield>
        <datafield tag="338" ind1=" " ind2=" ">
            <subfield code="a">bind</subfield>
            <subfield code="0">http://rdaregistry.info/termList/RDACarrierType/1049</subfield>
            <subfield code="2">rdact</subfield>
        </datafield>
        <datafield tag="500" ind1=" " ind2=" ">
            <subfield code="a">Novellesamlingen originalt utgitt New York : Ballantyne, 1969 med tittel: Bloch and Bradbury</subfield>
        </datafield>
        <datafield tag="700" ind1="1" ind2=" ">
            <subfield code="a">Bloch, Robert</subfield>
            <subfield code="d">1917-1994</subfield>
            <subfield code="0">(NO-TrBIB)90086845</subfield>
            <subfield code="4">aut</subfield>
        </datafield>
        <datafield tag="700" ind1="1" ind2="2">
            <subfield code="a">Bloch, Robert</subfield>
            <subfield code="d">1917-1994</subfield>
            <subfield code="t">A question of etiquette</subfield>
            <subfield code="l">Engelsk</subfield>
            <subfield code="0">(NO-TrBIB)90086845</subfield>
        </datafield>
        <datafield tag="700" ind1="1" ind2="2">
            <subfield code="a">Bloch, Robert</subfield>
            <subfield code="d">1917-1994</subfield>
            <subfield code="t">Mannikins of horror</subfield>
            <subfield code="l">Engelsk</subfield>
            <subfield code="0">(NO-TrBIB)90086845</subfield>
        </datafield>
        <datafield tag="700" ind1="1" ind2="2">
            <subfield code="a">Bloch, Robert</subfield>
            <subfield code="d">1917-1994</subfield>
            <subfield code="t">The druidic doom</subfield>
            <subfield code="l">Engelsk</subfield>
            <subfield code="0">(NO-TrBIB)90086845</subfield>
        </datafield>
        <datafield tag="700" ind1="1" ind2="2">
            <subfield code="a">Bloch, Robert</subfield>
            <subfield code="d">1917-1994</subfield>
            <subfield code="t">The grinning ghoul</subfield>
            <subfield code="l">Engelsk</subfield>
            <subfield code="0">(NO-TrBIB)90086845</subfield>
        </datafield>
        <datafield tag="700" ind1="1" ind2="2">
            <subfield code="a">Bloch, Robert</subfield>
            <subfield code="d">1917-1994</subfield>
            <subfield code="t">The man who cired wolf!</subfield>
            <subfield code="l">Engelsk</subfield>
            <subfield code="0">(NO-TrBIB)90086845</subfield>
        </datafield>
        <datafield tag="700" ind1="1" ind2="2">
            <subfield code="a">Bloch, Robert</subfield>
            <subfield code="d">1917-1994</subfield>
            <subfield code="t">The shadow from the steeple</subfield>
            <subfield code="l">Engelsk</subfield>
            <subfield code="0">(NO-TrBIB)90086845</subfield>
        </datafield>
        <datafield tag="700" ind1="1" ind2="2">
            <subfield code="a">Bradbury, Ray</subfield>
            <subfield code="d">1920-2012</subfield>
            <subfield code="0">(NO-TrBIB)90083059</subfield>
            <subfield code="t">Fever dream</subfield>
            <subfield code="l">Engelsk</subfield>
        </datafield>
        <datafield tag="700" ind1="1" ind2="2">
            <subfield code="a">Bradbury, Ray</subfield>
            <subfield code="d">1920-2012</subfield>
            <subfield code="0">(NO-TrBIB)90083059</subfield>
            <subfield code="t">The dead man</subfield>
            <subfield code="l">Engelsk</subfield>
        </datafield>
        <datafield tag="700" ind1="1" ind2="2">
            <subfield code="a">Bradbury, Ray</subfield>
            <subfield code="d">1920-2012</subfield>
            <subfield code="0">(NO-TrBIB)90083059</subfield>
            <subfield code="t">The handler</subfield>
            <subfield code="l">Engelsk</subfield>
        </datafield>
        <datafield tag="700" ind1="1" ind2="2">
            <subfield code="a">Bradbury, Ray</subfield>
            <subfield code="d">1920-2012</subfield>
            <subfield code="0">(NO-TrBIB)90083059</subfield>
            <subfield code="t">The watchers</subfield>
            <subfield code="l">Engelsk</subfield>
        </datafield>
    </record>