
    <record>
        <leader>00982caa a2200265 c 4500</leader>
        <controlfield tag="001">999920280366402202</controlfield>
        <controlfield tag="005">20230607095639.0</controlfield>
        <controlfield tag="007">ta</controlfield>
        <controlfield tag="008">130118s2012    no ac||e|    |000|0|nob|#</controlfield>
        <datafield tag="082" ind1="7" ind2="4">
            <subfield code="a">303.4</subfield>
            <subfield code="2">5/nor</subfield>
            <subfield code="q">NO-OsNB</subfield>
        </datafield>
        <datafield tag="100" ind1="1" ind2=" ">
            <subfield code="a">Waintal, Fabian W.</subfield>
            <subfield code="4">ivr</subfield>
            <subfield code="0">(NO-TrBIB)1642068482760</subfield>
        </datafield>
        <datafield tag="245" ind1="1" ind2="0">
            <subfield code="a">Mennesket liker kriger, de liker å drepe hverandre</subfield>
        </datafield>
        <datafield tag="300" ind1=" " ind2=" ">
            <subfield code="a">S. [34]-39</subfield>
            <subfield code="b">ill., port.</subfield>
        </datafield>
        <datafield tag="336" ind1=" " ind2=" ">
            <subfield code="a">text</subfield>
            <subfield code="0">http://rdaregistry.info/termList/RDAContentType/1020</subfield>
        </datafield>
        <datafield tag="337" ind1=" " ind2=" ">
            <subfield code="a">unmediated</subfield>
            <subfield code="0">http://rdaregistry.info/termList/RDAMediaType/1007</subfield>
        </datafield>
        <datafield tag="338" ind1=" " ind2=" ">
            <subfield code="a">volume</subfield>
            <subfield code="0">http://rdaregistry.info/termList/RDACarrierType/1049</subfield>
            <subfield code="2">rdacarrier</subfield>
        </datafield>
        <datafield tag="380" ind1=" " ind2=" ">
            <subfield code="a">Language-based work</subfield>
            <subfield code="0">https://schema.nb.no/Bibliographic/Values/V1000</subfield>
        </datafield>
        <datafield tag="500" ind1=" " ind2=" ">
            <subfield code="a">Intervju med Ray Bradbury</subfield>
        </datafield>
        <datafield tag="600" ind1="1" ind2="4">
            <subfield code="a">Bradbury, Ray</subfield>
        </datafield>
        <datafield tag="700" ind1="1" ind2=" ">
            <subfield code="a">Bradbury, Ray</subfield>
            <subfield code="4">ive</subfield>
        </datafield>
        <datafield tag="773" ind1="0" ind2=" ">
            <subfield code="t">Bokvennen (Bokvennen forlag)</subfield>
            <subfield code="g">Årg. 24, nr. 4 (2012)</subfield>
            <subfield code="x">0802-1953</subfield>
            <subfield code="w">998920010624702201</subfield>
        </datafield>
    </record>