
    <record>
        <leader>01407nam a2200385 c 4500</leader>
        <controlfield tag="001">a7131732</controlfield>
        <controlfield tag="003">SpMaBN</controlfield>
        <controlfield tag="005">20221027124019.5</controlfield>
        <controlfield tag="008">220621s2022    sp a   | |||| 000 jdspa  </controlfield>
        <datafield tag="017" ind1=" " ind2=" ">
            <subfield code="a">M 3085-2022</subfield>
            <subfield code="b">Oficina Depósito Legal Madrid</subfield>
        </datafield>
        <datafield tag="020" ind1=" " ind2=" ">
            <subfield code="a">978-84-124957-1-3</subfield>
        </datafield>
        <datafield tag="041" ind1="1" ind2=" ">
            <subfield code="a">spa</subfield>
            <subfield code="h">eng</subfield>
        </datafield>
        <datafield tag="080" ind1=" " ind2=" ">
            <subfield code="a">821.111(73)-32"19"</subfield>
        </datafield>
        <datafield tag="100" ind1="1" ind2=" ">
            <subfield code="a">Bradbury, Ray</subfield>
            <subfield code="d">1920-2012</subfield>
            <subfield code="e">autor</subfield>
        </datafield>
        <datafield tag="243" ind1="1" ind2="0">
            <subfield code="a">Cuentos</subfield>
            <subfield code="l">Español</subfield>
            <subfield code="k">Selección</subfield>
        </datafield>
        <datafield tag="245" ind1="1" ind2="3">
            <subfield code="a">El creador de monstruos :</subfield>
            <subfield code="b">los relatos en Planet Stories</subfield>
            <subfield code="c">Ray Bradbury ; traducción, Francisco Arellano</subfield>
        </datafield>
        <datafield tag="250" ind1=" " ind2=" ">
            <subfield code="a">Primera edición: abril de 2022</subfield>
        </datafield>
        <datafield tag="264" ind1=" " ind2="1">
            <subfield code="a">Miraflores de la Sierra (Madrid)</subfield>
            <subfield code="b">La Biblioteca del Laberinto, S. L.,</subfield>
            <subfield code="c">[2022]</subfield>
        </datafield>
        <datafield tag="264" ind1=" " ind2="4">
            <subfield code="c">©2022</subfield>
        </datafield>
        <datafield tag="300" ind1=" " ind2=" ">
            <subfield code="a">314 páginas</subfield>
            <subfield code="b">ilustraciones (blanco y negro)</subfield>
            <subfield code="c">22 cm</subfield>
        </datafield>
        <datafield tag="336" ind1=" " ind2=" ">
            <subfield code="a">text</subfield>
            <subfield code="0">http://rdaregistry.info/termList/RDAContentType/1020</subfield>
        </datafield>
        <datafield tag="337" ind1=" " ind2=" ">
            <subfield code="a">unmediated</subfield>
            <subfield code="0">http://rdaregistry.info/termList/RDAMediaType/1007</subfield>
        </datafield>
        <datafield tag="338" ind1=" " ind2=" ">
            <subfield code="a">volume</subfield>
            <subfield code="0">http://rdaregistry.info/termList/RDACarrierType/1049</subfield>
            <subfield code="2">rdacarrier</subfield>
        </datafield>
        <datafield tag="380" ind1=" " ind2=" ">
            <subfield code="a">Language-based work</subfield>
            <subfield code="0">https://schema.nb.no/Bibliographic/Values/V1000</subfield>
        </datafield>
        <datafield tag="336" ind1=" " ind2=" ">
            <subfield code="a">Texto</subfield>
            <subfield code="2">rdacontent</subfield>
        </datafield>
        <datafield tag="337" ind1=" " ind2=" ">
            <subfield code="a">sin mediación</subfield>
            <subfield code="2">rdamedia</subfield>
        </datafield>
        <datafield tag="338" ind1=" " ind2=" ">
            <subfield code="a">volumen</subfield>
            <subfield code="2">rdacarrier</subfield>
        </datafield>
        <datafield tag="490" ind1="0" ind2=" ">
            <subfield code="a">Delirio, ciencia ficción y fantasía</subfield>
            <subfield code="v">160</subfield>
        </datafield>
        <datafield tag="500" ind1=" " ind2=" ">
            <subfield code="a">Once cuentos publicados en la revista Planet Stories entre 1939 y 1955</subfield>
        </datafield>
        <datafield tag="700" ind1="1" ind2=" ">
            <subfield code="a">Arellano, Francisco</subfield>
            <subfield code="e">traductor</subfield>
        </datafield>
        <datafield tag="730" ind1="0" ind2=" ">
            <subfield code="a">Planet Stories</subfield>
        </datafield>
    </record>