
    <record>
        <leader>01137nam a2200361 c 4500</leader>
        <controlfield tag="001">a6843746</controlfield>
        <controlfield tag="003">SpMaBN</controlfield>
        <controlfield tag="005">20210517103423.2</controlfield>
        <controlfield tag="008">210414s2020    sp     | |||| 000 j spa  </controlfield>
        <datafield tag="017" ind1=" " ind2=" ">
            <subfield code="a">B 12595-2020</subfield>
            <subfield code="b">Oficina Depósito Legal Barcelona</subfield>
        </datafield>
        <datafield tag="020" ind1=" " ind2=" ">
            <subfield code="a">978-84-450-0752-5</subfield>
        </datafield>
        <datafield tag="041" ind1="1" ind2=" ">
            <subfield code="a">spa</subfield>
            <subfield code="h">eng</subfield>
        </datafield>
        <datafield tag="080" ind1=" " ind2=" ">
            <subfield code="a">821.111(73)-32"19"</subfield>
        </datafield>
        <datafield tag="100" ind1="1" ind2=" ">
            <subfield code="a">Bradbury, Ray</subfield>
            <subfield code="d">1920-2012</subfield>
            <subfield code="e">autor</subfield>
            <subfield code="4">aut</subfield>
        </datafield>
        <datafield tag="240" ind1="1" ind2="4">
            <subfield code="a">The October country</subfield>
            <subfield code="1">http://viaf.org/viaf/2945164782078108600004</subfield>
        </datafield>
        <datafield tag="245" ind1="1" ind2="3">
            <subfield code="a">El país de octubre</subfield>
            <subfield code="c">Ray Bradbury ; traducción de Francisco Abelenda</subfield>
        </datafield>
        <datafield tag="264" ind1=" " ind2="1">
            <subfield code="a">[Barcelona]</subfield>
            <subfield code="b">Minotauro,</subfield>
            <subfield code="c">[2020]</subfield>
        </datafield>
        <datafield tag="264" ind1=" " ind2="4">
            <subfield code="c">©1996</subfield>
        </datafield>
        <datafield tag="300" ind1=" " ind2=" ">
            <subfield code="a">365 páginas</subfield>
            <subfield code="c">20 cm</subfield>
        </datafield>
        <datafield tag="336" ind1=" " ind2=" ">
            <subfield code="a">text</subfield>
            <subfield code="0">http://rdaregistry.info/termList/RDAContentType/1020</subfield>
        </datafield>
        <datafield tag="337" ind1=" " ind2=" ">
            <subfield code="a">unmediated</subfield>
            <subfield code="0">http://rdaregistry.info/termList/RDAMediaType/1007</subfield>
        </datafield>
        <datafield tag="338" ind1=" " ind2=" ">
            <subfield code="a">volume</subfield>
            <subfield code="0">http://rdaregistry.info/termList/RDACarrierType/1049</subfield>
            <subfield code="2">rdacarrier</subfield>
        </datafield>
        <datafield tag="380" ind1=" " ind2=" ">
            <subfield code="a">Language-based work</subfield>
            <subfield code="0">https://schema.nb.no/Bibliographic/Values/V1000</subfield>
        </datafield>
        <datafield tag="336" ind1=" " ind2=" ">
            <subfield code="a">Texto</subfield>
            <subfield code="2">rdacontent</subfield>
        </datafield>
        <datafield tag="337" ind1=" " ind2=" ">
            <subfield code="a">sin mediación</subfield>
            <subfield code="2">rdamedia</subfield>
        </datafield>
        <datafield tag="338" ind1=" " ind2=" ">
            <subfield code="a">volumen</subfield>
            <subfield code="2">rdacarrier</subfield>
        </datafield>
        <datafield tag="490" ind1="0" ind2=" ">
            <subfield code="a">Biblioteca Ray Bradbury</subfield>
        </datafield>
        <datafield tag="700" ind1="1" ind2=" ">
            <subfield code="a">Abelenda, Francisco</subfield>
            <subfield code="d">1922-2014</subfield>
            <subfield code="e">traductor</subfield>
            <subfield code="1">http://viaf.org/viaf/76117483</subfield>
            <subfield code="4">http://rdaregistry.info/Elements/e/object/P20037</subfield>
        </datafield>
    </record>