
    <record>
        <leader>03014ngm a2200613 c 4500</leader>
        <controlfield tag="001">a6721562</controlfield>
        <controlfield tag="003">SpMaBN</controlfield>
        <controlfield tag="005">20201104133548.4</controlfield>
        <controlfield tag="007">vd*bsaizs</controlfield>
        <controlfield tag="008">201020s2019    sp 080 g          vlspa  </controlfield>
        <datafield tag="017" ind1=" " ind2=" ">
            <subfield code="a">M 38769-2019</subfield>
            <subfield code="b">Oficina Depósito Legal Madrid</subfield>
        </datafield>
        <datafield tag="024" ind1="3" ind2=" ">
            <subfield code="a">8414533126731</subfield>
        </datafield>
        <datafield tag="028" ind1="4" ind2="0">
            <subfield code="a">12673S</subfield>
            <subfield code="b">Universal Pictures</subfield>
        </datafield>
        <datafield tag="041" ind1="1" ind2=" ">
            <subfield code="a">spa</subfield>
            <subfield code="a">eng</subfield>
            <subfield code="j">spa</subfield>
            <subfield code="j">eng</subfield>
            <subfield code="h">eng</subfield>
        </datafield>
        <datafield tag="130" ind1="0" ind2=" ">
            <subfield code="a">It came from outer space (Película cinematográfica)</subfield>
        </datafield>
        <datafield tag="245" ind1="1" ind2="0">
            <subfield code="a">Vinieron del espacio =</subfield>
            <subfield code="b">It came from outer space</subfield>
            <subfield code="c">screenplay by Harry Essex ; story by Ray Bradbury ; produced by William Alland ; directed by Jack Arnold</subfield>
        </datafield>
        <datafield tag="264" ind1=" " ind2="0">
            <subfield code="a">[Lugar no identificado]</subfield>
            <subfield code="b">editado internacionalmente por Universal Pictures International Limited,</subfield>
            <subfield code="c">[2019]</subfield>
        </datafield>
        <datafield tag="264" ind1=" " ind2="0">
            <subfield code="a">©2020</subfield>
        </datafield>
        <datafield tag="264" ind1="2" ind2="0">
            <subfield code="a">Madrid</subfield>
            <subfield code="b">distribuido por Sony Pictures Entertainment Iberia,</subfield>
            <subfield code="c">[2019]</subfield>
        </datafield>
        <datafield tag="300" ind1=" " ind2=" ">
            <subfield code="a">1 videodisco (aproximadamente 80 min)</subfield>
            <subfield code="b">sonido, blanco y negro</subfield>
            <subfield code="c">12 cm</subfield>
        </datafield>
        <datafield tag="336" ind1=" " ind2=" ">
            <subfield code="a">moving image</subfield>
            <subfield code="0">http://rdaregistry.info/termList/RDAContentType/1023</subfield>
        </datafield>
        <datafield tag="337" ind1=" " ind2=" ">
            <subfield code="a">video</subfield>
            <subfield code="0">http://rdaregistry.info/termList/RDAMediaType/1008</subfield>
        </datafield>
        <datafield tag="338" ind1=" " ind2=" ">
            <subfield code="a">DVD</subfield>
            <subfield code="0">http://rdaregistry.info/termList/RDACarrierType/1060</subfield>
        </datafield>
        <datafield tag="380" ind1=" " ind2=" ">
            <subfield code="a">movie</subfield>
            <subfield code="0">https://schema.nb.no/Bibliographic/Values/V1002</subfield>
        </datafield>
        <datafield tag="336" ind1=" " ind2=" ">
            <subfield code="a">Imagen bidimensional en movimiento</subfield>
            <subfield code="2">rdacontent</subfield>
        </datafield>
        <datafield tag="337" ind1=" " ind2=" ">
            <subfield code="a">vídeo</subfield>
            <subfield code="2">rdamedia</subfield>
        </datafield>
        <datafield tag="338" ind1=" " ind2=" ">
            <subfield code="a">videodisco</subfield>
            <subfield code="b">vd</subfield>
            <subfield code="2">rdacarrier</subfield>
        </datafield>
        <datafield tag="340" ind1=" " ind2=" ">
            <subfield code="g">Blanco y negro</subfield>
        </datafield>
        <datafield tag="344" ind1=" " ind2=" ">
            <subfield code="a">Digital</subfield>
            <subfield code="b">óptico</subfield>
            <subfield code="g">estéreo</subfield>
            <subfield code="g">mono</subfield>
            <subfield code="h">DTS-HD Master Audio 2.0</subfield>
        </datafield>
        <datafield tag="345" ind1=" " ind2=" ">
            <subfield code="a">1.35:1</subfield>
        </datafield>
        <datafield tag="347" ind1=" " ind2=" ">
            <subfield code="a">Archivo de vídeo</subfield>
            <subfield code="b">Blu-ray</subfield>
        </datafield>
        <datafield tag="500" ind1=" " ind2=" ">
            <subfield code="a">Largometraje realizado en Estados Unidos en 1953</subfield>
        </datafield>
        <datafield tag="500" ind1=" " ind2=" ">
            <subfield code="a">Título tomado de la carátula</subfield>
        </datafield>
        <datafield tag="508" ind1=" " ind2=" ">
            <subfield code="a">Director de fotografía, Clifford Stine ; música, Irving Gertz, Henry Mancini, Herman Stein</subfield>
        </datafield>
        <datafield tag="511" ind1="1" ind2=" ">
            <subfield code="a">Richard Carlson, Barbara Rush, Charles Drake</subfield>
        </datafield>
        <datafield tag="520" ind1="3" ind2=" ">
            <subfield code="a">John Putnam es un astrónomo aficionado que, junto a su prometida Ellen, contempla las estrellas en el desierto cuando una nave espacial choca contra el suelo. Justo antes de que un desprendimiento de tierra entierre la nave, una misteriosa criatura emerge y desaparece en la oscuridad. Nadie cree a John hasta que empiezan a suceder fenómenos extraños</subfield>
        </datafield>
        <datafield tag="521" ind1="1" ind2=" ">
            <subfield code="a">No recomendada para menores de 7 años</subfield>
        </datafield>
        <datafield tag="546" ind1=" " ind2=" ">
            <subfield code="a">Versiones en español e inglés, con subtítulos en español e inglés</subfield>
        </datafield>
        <datafield tag="700" ind1="1" ind2=" ">
            <subfield code="a">Alland, William</subfield>
            <subfield code="d">1916-1997</subfield>
            <subfield code="e">productor</subfield>
            <subfield code="4">pro</subfield>
        </datafield>
        <datafield tag="700" ind1="1" ind2=" ">
            <subfield code="a">Arnold, Jack</subfield>
            <subfield code="d">1916-1992</subfield>
            <subfield code="e">director de cine</subfield>
            <subfield code="4">fmd</subfield>
        </datafield>
        <datafield tag="700" ind1="1" ind2=" ">
            <subfield code="a">Bradbury, Ray</subfield>
            <subfield code="d">1920-2012</subfield>
            <subfield code="e">guionista</subfield>
            <subfield code="4">aus</subfield>
        </datafield>
        <datafield tag="700" ind1="1" ind2=" ">
            <subfield code="a">Carlson, Richard</subfield>
            <subfield code="d">1912-1977</subfield>
            <subfield code="e">actor</subfield>
            <subfield code="4">act</subfield>
        </datafield>
        <datafield tag="700" ind1="1" ind2=" ">
            <subfield code="a">Drake, Charles</subfield>
            <subfield code="d">1917-1994</subfield>
            <subfield code="e">actor</subfield>
            <subfield code="4">act</subfield>
        </datafield>
        <datafield tag="700" ind1="1" ind2=" ">
            <subfield code="a">Essex, Harry</subfield>
            <subfield code="d">1910-1997</subfield>
            <subfield code="e">guionista</subfield>
            <subfield code="4">aus</subfield>
        </datafield>
        <datafield tag="700" ind1="1" ind2=" ">
            <subfield code="a">Gertz, Irving</subfield>
            <subfield code="d">1915-2008</subfield>
            <subfield code="e">compositor</subfield>
            <subfield code="4">cmp</subfield>
        </datafield>
        <datafield tag="700" ind1="1" ind2=" ">
            <subfield code="a">Mancini, Henry</subfield>
            <subfield code="d">1924-1994</subfield>
            <subfield code="e">compositor</subfield>
            <subfield code="4">cmp</subfield>
        </datafield>
        <datafield tag="700" ind1="1" ind2=" ">
            <subfield code="a">Rush, Barbara</subfield>
            <subfield code="d">1927-</subfield>
            <subfield code="e">actor</subfield>
            <subfield code="4">act</subfield>
        </datafield>
        <datafield tag="700" ind1="1" ind2=" ">
            <subfield code="a">Stein, Herman</subfield>
            <subfield code="d">1915-2007</subfield>
            <subfield code="e">compositor</subfield>
            <subfield code="4">cmp</subfield>
        </datafield>
        <datafield tag="700" ind1="1" ind2=" ">
            <subfield code="a">Stine, Clifford</subfield>
            <subfield code="d">1906-1986</subfield>
            <subfield code="e">director de fotografía</subfield>
            <subfield code="4">cng</subfield>
        </datafield>
        <datafield tag="730" ind1="0" ind2="2">
            <subfield code="a">It came from outer space (Película cinematográfica)</subfield>
            <subfield code="l">Español</subfield>
        </datafield>
    </record>