
    <record>
        <leader>02869nam a2200613 c 4500</leader>
        <controlfield tag="001">a6432039</controlfield>
        <controlfield tag="003">SpMaBN</controlfield>
        <controlfield tag="005">20230715012401.7</controlfield>
        <controlfield tag="008">190225s2019    sp a   | |||| 000 1 spa  </controlfield>
        <datafield tag="017" ind1=" " ind2=" ">
            <subfield code="a">B 26044-2018</subfield>
            <subfield code="b">Oficina Depósito Legal Barcelona</subfield>
        </datafield>
        <datafield tag="020" ind1=" " ind2=" ">
            <subfield code="a">978-84-17665-38-8</subfield>
        </datafield>
        <datafield tag="041" ind1="1" ind2=" ">
            <subfield code="a">spa</subfield>
            <subfield code="h">eng</subfield>
        </datafield>
        <datafield tag="080" ind1=" " ind2=" ">
            <subfield code="a">741.52</subfield>
        </datafield>
        <datafield tag="080" ind1=" " ind2=" ">
            <subfield code="a">821.111(73)-91"19"</subfield>
        </datafield>
        <datafield tag="245" ind1="0" ind2="0">
            <subfield code="a">Noche de resurrección</subfield>
            <subfield code="c">guion, Doug Moench ; dibujo, Steve Lightle [y otros once] ; color, Adrienne Roy. Las leyendas vivientes de Superman / guion, Elliot S. Maggin, Jim Steranko ; dibujo, Joe Orlando, Al Williamson, Frank Miller, Marshall Rogers, Wendy Pini, Michael WM. Kaluta, Klaus Janson, Jim Steranko ; color, Joe Orlando, Tatjana Wood, Lynn Varley, Anthony Tollin, Klaus Janson, Jim Steranko ; Batman creado por Bob Kane con Bill Finger ; Superman creado por Jerry Siegel y Joe Shuster ; con textos de Stephen King y Ray Bradbury ; traducción, Bárbara Azagra Rueda, Francisco San Rafael Simó</subfield>
        </datafield>
        <datafield tag="246" ind1="1" ind2="5">
            <subfield code="a">400</subfield>
        </datafield>
        <datafield tag="250" ind1=" " ind2=" ">
            <subfield code="a">Enero 2019</subfield>
        </datafield>
        <datafield tag="264" ind1=" " ind2="1">
            <subfield code="a">Barcelona</subfield>
            <subfield code="b">ECC Ediciones,</subfield>
            <subfield code="c">[2019]</subfield>
        </datafield>
        <datafield tag="300" ind1=" " ind2=" ">
            <subfield code="a">125 páginas, 19 páginas sin numerar</subfield>
            <subfield code="b">principalmente ilustraciones (color)</subfield>
            <subfield code="c">26 cm</subfield>
        </datafield>
        <datafield tag="336" ind1=" " ind2=" ">
            <subfield code="a">text</subfield>
            <subfield code="0">http://rdaregistry.info/termList/RDAContentType/1020</subfield>
        </datafield>
        <datafield tag="337" ind1=" " ind2=" ">
            <subfield code="a">unmediated</subfield>
            <subfield code="0">http://rdaregistry.info/termList/RDAMediaType/1007</subfield>
        </datafield>
        <datafield tag="338" ind1=" " ind2=" ">
            <subfield code="a">volume</subfield>
            <subfield code="0">http://rdaregistry.info/termList/RDACarrierType/1049</subfield>
            <subfield code="2">rdacarrier</subfield>
        </datafield>
        <datafield tag="380" ind1=" " ind2=" ">
            <subfield code="a">Language-based work</subfield>
            <subfield code="0">https://schema.nb.no/Bibliographic/Values/V1000</subfield>
        </datafield>
        <datafield tag="336" ind1=" " ind2=" ">
            <subfield code="a">Imagen fija</subfield>
            <subfield code="a">Texto</subfield>
            <subfield code="2">rdacontent</subfield>
        </datafield>
        <datafield tag="337" ind1=" " ind2=" ">
            <subfield code="a">sin mediación</subfield>
            <subfield code="2">rdamedia</subfield>
        </datafield>
        <datafield tag="338" ind1=" " ind2=" ">
            <subfield code="a">volumen</subfield>
            <subfield code="2">rdacarrier</subfield>
        </datafield>
        <datafield tag="490" ind1="0" ind2=" ">
            <subfield code="a">Batman-Superman</subfield>
        </datafield>
        <datafield tag="500" ind1=" " ind2=" ">
            <subfield code="a">En la cubierta: DC</subfield>
        </datafield>
        <datafield tag="500" ind1=" " ind2=" ">
            <subfield code="a">Publicado originalmente en Batman, número 400; Superman, número 400</subfield>
        </datafield>
        <datafield tag="700" ind1="1" ind2=" ">
            <subfield code="a">Azagra Rueda, Bárbara</subfield>
            <subfield code="e">traductor</subfield>
            <subfield code="4">trl</subfield>
        </datafield>
        <datafield tag="700" ind1="1" ind2=" ">
            <subfield code="a">Bradbury, Ray</subfield>
            <subfield code="d">1920-2012</subfield>
            <subfield code="e">prologuista</subfield>
            <subfield code="4">aui</subfield>
        </datafield>
        <datafield tag="700" ind1="1" ind2=" ">
            <subfield code="a">Finger, Bill</subfield>
            <subfield code="d">1914-1974</subfield>
            <subfield code="e">idea original</subfield>
            <subfield code="4">ccp</subfield>
        </datafield>
        <datafield tag="700" ind1="1" ind2=" ">
            <subfield code="a">Janson, Klaus</subfield>
            <subfield code="d">1952-</subfield>
            <subfield code="e">dibujante</subfield>
            <subfield code="4">art</subfield>
        </datafield>
        <datafield tag="700" ind1="1" ind2=" ">
            <subfield code="a">Kaluta, Michael William</subfield>
            <subfield code="d">1947-</subfield>
            <subfield code="e">dibujante</subfield>
            <subfield code="4">art</subfield>
        </datafield>
        <datafield tag="700" ind1="1" ind2=" ">
            <subfield code="a">Kane, Bob</subfield>
            <subfield code="d">1915-1998</subfield>
            <subfield code="e">idea original</subfield>
            <subfield code="4">ccp</subfield>
        </datafield>
        <datafield tag="700" ind1="1" ind2=" ">
            <subfield code="a">King, Stephen</subfield>
            <subfield code="d">1947-</subfield>
            <subfield code="e">prologuista</subfield>
            <subfield code="4">aui</subfield>
        </datafield>
        <datafield tag="700" ind1="1" ind2=" ">
            <subfield code="a">Lightle, Steve</subfield>
            <subfield code="e">dibujante</subfield>
            <subfield code="4">art</subfield>
        </datafield>
        <datafield tag="700" ind1="1" ind2=" ">
            <subfield code="a">Maggin, Elliot S.</subfield>
            <subfield code="e">autor</subfield>
            <subfield code="4">aut</subfield>
        </datafield>
        <datafield tag="700" ind1="1" ind2=" ">
            <subfield code="a">Miller, Frank</subfield>
            <subfield code="d">1957-</subfield>
            <subfield code="e">dibujante</subfield>
            <subfield code="4">art</subfield>
        </datafield>
        <datafield tag="700" ind1="1" ind2=" ">
            <subfield code="a">Moench, Doug</subfield>
            <subfield code="d">1948-</subfield>
            <subfield code="e">autor</subfield>
            <subfield code="4">aut</subfield>
        </datafield>
        <datafield tag="700" ind1="1" ind2=" ">
            <subfield code="a">Orlando, Joe</subfield>
            <subfield code="e">dibujante</subfield>
            <subfield code="4">art</subfield>
        </datafield>
        <datafield tag="700" ind1="1" ind2=" ">
            <subfield code="a">Pini, Wendy</subfield>
            <subfield code="e">dibujante</subfield>
            <subfield code="4">art</subfield>
        </datafield>
        <datafield tag="700" ind1="1" ind2=" ">
            <subfield code="a">Rogers, Marshall</subfield>
            <subfield code="d">1950-2007</subfield>
            <subfield code="e">dibujante</subfield>
            <subfield code="4">art</subfield>
        </datafield>
        <datafield tag="700" ind1="1" ind2=" ">
            <subfield code="a">San Rafael Simó, Francisco</subfield>
            <subfield code="d">1992-</subfield>
            <subfield code="e">traductor</subfield>
            <subfield code="4">trl</subfield>
        </datafield>
        <datafield tag="700" ind1="1" ind2=" ">
            <subfield code="a">Shuster, Joe</subfield>
            <subfield code="d">1914-1992</subfield>
            <subfield code="e">idea original</subfield>
            <subfield code="4">ccp</subfield>
        </datafield>
        <datafield tag="700" ind1="1" ind2=" ">
            <subfield code="a">Siegel, Jerry</subfield>
            <subfield code="d">1914-1996</subfield>
            <subfield code="e">idea original</subfield>
            <subfield code="4">ccp</subfield>
        </datafield>
        <datafield tag="700" ind1="1" ind2=" ">
            <subfield code="a">Steranko, Jim</subfield>
            <subfield code="d">1938-</subfield>
            <subfield code="e">dibujante</subfield>
            <subfield code="e">autor</subfield>
            <subfield code="4">art</subfield>
            <subfield code="4">aut</subfield>
        </datafield>
        <datafield tag="700" ind1="1" ind2=" ">
            <subfield code="a">Williamson, Al</subfield>
            <subfield code="d">1931-2010</subfield>
            <subfield code="e">dibujante</subfield>
            <subfield code="4">art</subfield>
        </datafield>
        <datafield tag="740" ind1="4" ind2="2">
            <subfield code="a">Las leyendas vivientes de Superman</subfield>
        </datafield>
    </record>