
    <record>
        <leader>02106cam a22003732u 4500</leader>
        <controlfield tag="001">a6195086</controlfield>
        <controlfield tag="005">20200218021953.3</controlfield>
        <controlfield tag="006">m    |o  d        </controlfield>
        <controlfield tag="007">cr |n ||||||||</controlfield>
        <controlfield tag="008">180608s2015    sp |||||o|||| ||| ||spa d</controlfield>
        <datafield tag="020" ind1=" " ind2=" ">
            <subfield code="a">9788445002612</subfield>
        </datafield>
        <datafield tag="041" ind1=" " ind2=" ">
            <subfield code="a">spa</subfield>
            <subfield code="a">Español</subfield>
            <subfield code="h">Inglés</subfield>
        </datafield>
        <datafield tag="100" ind1="1" ind2=" ">
            <subfield code="a">Bradbury, Ray</subfield>
            <subfield code="d">1920-2012</subfield>
            <subfield code="4">aut</subfield>
            <subfield code="0">XX1641453</subfield>
            <subfield code="1">http://viaf.org/viaf/12305881</subfield>
            <subfield code="4">http://rdaregistry.info/Elements/w/object/P10061</subfield>
        </datafield>
        <datafield tag="240" ind1="1" ind2="0">
            <subfield code="a">We'll always have Paris</subfield>
            <subfield code="l">Español</subfield>
        </datafield>
        <datafield tag="245" ind1="1" ind2="0">
            <subfield code="a">Siempre nos quedará París</subfield>
        </datafield>
        <datafield tag="260" ind1=" " ind2=" ">
            <subfield code="a">Barcelona</subfield>
            <subfield code="b">Minotauro</subfield>
            <subfield code="c">2015</subfield>
        </datafield>
        <datafield tag="300" ind1=" " ind2=" ">
            <subfield code="a">1 recurso en línea</subfield>
        </datafield>
        <datafield tag="336" ind1=" " ind2=" ">
            <subfield code="a">text</subfield>
            <subfield code="0">http://rdaregistry.info/termList/RDAContentType/1020</subfield>
        </datafield>
        <datafield tag="337" ind1=" " ind2=" ">
            <subfield code="a">computer</subfield>
            <subfield code="0">http://rdaregistry.info/termList/RDAMediaType/1003</subfield>
        </datafield>
        <datafield tag="338" ind1=" " ind2=" ">
            <subfield code="a">online</subfield>
            <subfield code="0">http://rdaregistry.info/termList/RDACarrierType/1018</subfield>
        </datafield>
        <datafield tag="380" ind1=" " ind2=" ">
            <subfield code="a">Language-based work</subfield>
            <subfield code="0">https://schema.nb.no/Bibliographic/Values/V1000</subfield>
        </datafield>
        <datafield tag="347" ind1=" " ind2=" ">
            <subfield code="a">archivo de texto</subfield>
            <subfield code="b">EPUB</subfield>
            <subfield code="c">263 KB</subfield>
        </datafield>
        <datafield tag="490" ind1="0" ind2=" ">
            <subfield code="a">Biblioteca Ray Bradbury</subfield>
        </datafield>
        <datafield tag="500" ind1=" " ind2=" ">
            <subfield code="a">Registro generado automáticamente a partir de metadatos facilitados por Libranda</subfield>
        </datafield>
        <datafield tag="520" ind1="3" ind2=" ">
            <subfield code="a">En Siempre nos quedará París, una colección de veintiún relatos y un poema nunca antes publicados, el inimitable Ray Bradbury logra de nuevo lo que pocos escritores han hecho tan bien: nos deleita con una prosa que sorprende e inspira, a la vez que revela verdades y da pie a pensamientos profundos. Sus relatos nos emocionan en su reflexión acerca de las flaquezas y debilidades humanas, y lo hacen con la magia de siempre. Ya sea explorando las innumerables maneras de renacer, las circunstancias que pueden convertir a un hombre en un asesino, o llevándonos de nuevo a Marte, Bradbury nos abre su mundo. Un mundo que nos absorbe y nos conmueve.</subfield>
        </datafield>
        <datafield tag="530" ind1=" " ind2=" ">
            <subfield code="a">Publicado también como texto impreso</subfield>
        </datafield>
        <datafield tag="596" ind1=" " ind2=" ">
            <subfield code="a">"Grupo Planeta"</subfield>
        </datafield>
        <datafield tag="700" ind1="1" ind2=" ">
            <subfield code="a">Antón, Miguel</subfield>
            <subfield code="e">traductor</subfield>
            <subfield code="4">trl</subfield>
        </datafield>
        <datafield tag="776" ind1="0" ind2=" ">
            <subfield code="t">Siempre nos quedará París</subfield>
            <subfield code="h">206 p.</subfield>
            <subfield code="z">978-84-450-0253-7</subfield>
            <subfield code="w">a5657394</subfield>
        </datafield>
    </record>