
    <record>
        <leader>02988ngm a2200589 c 4500</leader>
        <controlfield tag="001">a5787685</controlfield>
        <controlfield tag="003">SpMaBN</controlfield>
        <controlfield tag="005">20230730004840.1</controlfield>
        <controlfield tag="007">vd*bsaizm</controlfield>
        <controlfield tag="008">160420s2015    sp 080 g      q   vlspa  </controlfield>
        <datafield tag="017" ind1=" " ind2=" ">
            <subfield code="a">M 28148-2015</subfield>
            <subfield code="b">Oficina Depósito Legal Madrid</subfield>
        </datafield>
        <datafield tag="028" ind1="4" ind2="0">
            <subfield code="a">1000574220</subfield>
            <subfield code="b">Warner Bros.</subfield>
        </datafield>
        <datafield tag="041" ind1=" " ind2=" ">
            <subfield code="a">spa</subfield>
            <subfield code="a">eng</subfield>
            <subfield code="a">fre</subfield>
            <subfield code="h">eng</subfield>
            <subfield code="j">fre</subfield>
            <subfield code="j">spa</subfield>
        </datafield>
        <datafield tag="130" ind1="4" ind2=" ">
            <subfield code="a">The Beast from 20,000 Fathoms (Película cinematográfica)</subfield>
            <subfield code="l">Políglota</subfield>
        </datafield>
        <datafield tag="245" ind1="1" ind2="3">
            <subfield code="a">El monstruo de los tiempos remotos =</subfield>
            <subfield code="b">The beast from 20,000 fathoms</subfield>
            <subfield code="c">directed by Eugene Lourie ; screenplaby by Lou Morheim and Fred Freiberger ; photography by Jack Russell ; music by David Buttolph ; produced by Hal Chester and Jack Dietz</subfield>
        </datafield>
        <datafield tag="250" ind1=" " ind2=" ">
            <subfield code="a">Ed. no autorizada para alquiler</subfield>
        </datafield>
        <datafield tag="260" ind1=" " ind2=" ">
            <subfield code="a">[Madrid]</subfield>
            <subfield code="b">distribuida en España por Warner Bros. Entertainment España</subfield>
            <subfield code="c">D.L. 2015</subfield>
        </datafield>
        <datafield tag="300" ind1=" " ind2=" ">
            <subfield code="a">1 Blu-ray (ca. 80 min)</subfield>
            <subfield code="b">son., bl. y n.</subfield>
        </datafield>
        <datafield tag="336" ind1=" " ind2=" ">
            <subfield code="a">moving image</subfield>
            <subfield code="0">http://rdaregistry.info/termList/RDAContentType/1023</subfield>
        </datafield>
        <datafield tag="337" ind1=" " ind2=" ">
            <subfield code="a">video</subfield>
            <subfield code="0">http://rdaregistry.info/termList/RDAMediaType/1008</subfield>
        </datafield>
        <datafield tag="338" ind1=" " ind2=" ">
            <subfield code="a">DVD</subfield>
            <subfield code="0">http://rdaregistry.info/termList/RDACarrierType/1060</subfield>
        </datafield>
        <datafield tag="380" ind1=" " ind2=" ">
            <subfield code="a">movie</subfield>
            <subfield code="0">https://schema.nb.no/Bibliographic/Values/V1002</subfield>
        </datafield>
        <datafield tag="336" ind1=" " ind2=" ">
            <subfield code="a">Imagen (en movimiento ; bidimensional)</subfield>
            <subfield code="2">isbdcontent</subfield>
        </datafield>
        <datafield tag="337" ind1=" " ind2=" ">
            <subfield code="a">vídeo</subfield>
            <subfield code="2">isbdmedia</subfield>
        </datafield>
        <datafield tag="500" ind1=" " ind2=" ">
            <subfield code="a">Basado en una historia de Ray Bradbury</subfield>
        </datafield>
        <datafield tag="500" ind1=" " ind2=" ">
            <subfield code="a">Incluye los extras siguientes: Dos documentales sobre la película; Cortometraje; Tráiler cinematográfico</subfield>
        </datafield>
        <datafield tag="511" ind1="1" ind2=" ">
            <subfield code="a">Paul Christian, Paula Raymond, Cecil Kellaway</subfield>
        </datafield>
        <datafield tag="518" ind1=" " ind2=" ">
            <subfield code="a">Largometraje realizado en 1953 en Estados Unidos</subfield>
        </datafield>
        <datafield tag="520" ind1="3" ind2=" ">
            <subfield code="a">Cerca del Círculo Polar Ártico, una bomba atómica es detonada. Este terrible experimento perturba el sueño de un Rhedosaurus gigante que ha permanecido congelado en el hielo durante más de 100 millones de años, y lo envía hacia el sur destruyendo todo de forma violenta y mortal</subfield>
        </datafield>
        <datafield tag="521" ind1=" " ind2=" ">
            <subfield code="a">Apta para todos los públicos</subfield>
        </datafield>
        <datafield tag="546" ind1=" " ind2=" ">
            <subfield code="a">Versiones en inglés, español y francés, con subtítulos opcionales en español y francés</subfield>
        </datafield>
        <datafield tag="597" ind1=" " ind2=" ">
            <subfield code="a">Formato de pantalla 16:9</subfield>
        </datafield>
        <datafield tag="597" ind1=" " ind2=" ">
            <subfield code="a">Formato de película 1.33:1</subfield>
        </datafield>
        <datafield tag="597" ind1=" " ind2=" ">
            <subfield code="a">Formato de sonido DTS-HD Master Audio (inglés) y Dolby Digital (demás)</subfield>
        </datafield>
        <datafield tag="597" ind1=" " ind2=" ">
            <subfield code="a">Resolución de imagen 1080p Alta Definición</subfield>
        </datafield>
        <datafield tag="700" ind1="1" ind2=" ">
            <subfield code="a">Bradbury, Ray</subfield>
            <subfield code="d">1920-2012</subfield>
            <subfield code="e">idea original</subfield>
            <subfield code="4">ccp</subfield>
        </datafield>
        <datafield tag="700" ind1="1" ind2=" ">
            <subfield code="a">Buttolph, David</subfield>
            <subfield code="d">1902-1983</subfield>
            <subfield code="e">compositor</subfield>
            <subfield code="4">cmp</subfield>
        </datafield>
        <datafield tag="700" ind1="1" ind2=" ">
            <subfield code="a">Chester, Hal E.</subfield>
            <subfield code="d">1921-2012</subfield>
            <subfield code="e">productor</subfield>
            <subfield code="4">pro</subfield>
        </datafield>
        <datafield tag="700" ind1="1" ind2=" ">
            <subfield code="a">Dietz, Jack</subfield>
            <subfield code="d">1901-1969</subfield>
            <subfield code="e">productor</subfield>
            <subfield code="4">pro</subfield>
        </datafield>
        <datafield tag="700" ind1="1" ind2=" ">
            <subfield code="a">Freiberger, Fred</subfield>
            <subfield code="d">1915-2003</subfield>
            <subfield code="e">guionista</subfield>
            <subfield code="4">aus</subfield>
        </datafield>
        <datafield tag="700" ind1="1" ind2=" ">
            <subfield code="a">Hubschmid, Paul</subfield>
            <subfield code="d">1917-2001</subfield>
            <subfield code="e">actor</subfield>
            <subfield code="4">act</subfield>
        </datafield>
        <datafield tag="700" ind1="1" ind2=" ">
            <subfield code="a">Kellaway, Cecil</subfield>
            <subfield code="d">1893-1973</subfield>
            <subfield code="e">actor</subfield>
            <subfield code="4">act</subfield>
        </datafield>
        <datafield tag="700" ind1="1" ind2=" ">
            <subfield code="a">Lourié, Eugène</subfield>
            <subfield code="d">1903-1991</subfield>
            <subfield code="e">director de cine</subfield>
            <subfield code="4">fmd</subfield>
        </datafield>
        <datafield tag="700" ind1="1" ind2=" ">
            <subfield code="a">Morheim, Lou</subfield>
            <subfield code="d">1922-2013</subfield>
            <subfield code="e">guionista</subfield>
            <subfield code="4">aus</subfield>
        </datafield>
        <datafield tag="700" ind1="1" ind2=" ">
            <subfield code="a">Raymond, Paula</subfield>
            <subfield code="b">1924-2003</subfield>
            <subfield code="e">actor</subfield>
            <subfield code="4">act</subfield>
        </datafield>
        <datafield tag="700" ind1="1" ind2=" ">
            <subfield code="a">Russell, John L.</subfield>
            <subfield code="d">1905-1967</subfield>
            <subfield code="e">director de fotografía</subfield>
            <subfield code="4">cng</subfield>
        </datafield>
    </record>