
    <record>
        <leader>01091nam a2200325 c 4500</leader>
        <controlfield tag="001">a5747937</controlfield>
        <controlfield tag="003">SpMaBN</controlfield>
        <controlfield tag="005">20200116023015.5</controlfield>
        <controlfield tag="008">160201s2015    sp     | |||| 000 f spa  </controlfield>
        <datafield tag="017" ind1=" " ind2=" ">
            <subfield code="a">B 24497-2015</subfield>
            <subfield code="b">Oficina Depósito Legal Barcelona</subfield>
        </datafield>
        <datafield tag="020" ind1=" " ind2=" ">
            <subfield code="a">978-84-672-6519-4</subfield>
        </datafield>
        <datafield tag="041" ind1="1" ind2=" ">
            <subfield code="a">spa</subfield>
            <subfield code="h">eng</subfield>
        </datafield>
        <datafield tag="080" ind1=" " ind2=" ">
            <subfield code="a">821.111(73)-31"19"</subfield>
        </datafield>
        <datafield tag="100" ind1="1" ind2=" ">
            <subfield code="a">Bradbury, Ray</subfield>
            <subfield code="d">1920-2012</subfield>
            <subfield code="4">aut</subfield>
            <subfield code="0">XX1641453</subfield>
            <subfield code="1">http://viaf.org/viaf/12305881</subfield>
            <subfield code="4">http://rdaregistry.info/Elements/w/object/P10061</subfield>
        </datafield>
        <datafield tag="240" ind1="1" ind2="0">
            <subfield code="a">Fahrenheit 451</subfield>
            <subfield code="l">Español</subfield>
            <subfield code="1">http://viaf.org/viaf/185473935</subfield>
        </datafield>
        <datafield tag="245" ind1="1" ind2="0">
            <subfield code="a">Fahrenheit 451</subfield>
            <subfield code="c">Ray Bradbury ; [traducción del inglés, Francisco Abelenda]</subfield>
        </datafield>
        <datafield tag="260" ind1=" " ind2=" ">
            <subfield code="a">Barcelona</subfield>
            <subfield code="b">Círculo de Lectores</subfield>
            <subfield code="c">D.L. 2015</subfield>
        </datafield>
        <datafield tag="300" ind1=" " ind2=" ">
            <subfield code="a">220 p.</subfield>
            <subfield code="c">23 cm</subfield>
        </datafield>
        <datafield tag="336" ind1=" " ind2=" ">
            <subfield code="a">Texto (visual)</subfield>
            <subfield code="2">isbdcontent</subfield>
        </datafield>
        <datafield tag="337" ind1=" " ind2=" ">
            <subfield code="a">sin mediación</subfield>
            <subfield code="2">isbdmedia</subfield>
        </datafield>
        <datafield tag="336" ind1=" " ind2=" ">
            <subfield code="a">text</subfield>
            <subfield code="0">http://rdaregistry.info/termList/RDAContentType/1020</subfield>
        </datafield>
        <datafield tag="337" ind1=" " ind2=" ">
            <subfield code="a">unmediated</subfield>
            <subfield code="0">http://rdaregistry.info/termList/RDAMediaType/1007</subfield>
        </datafield>
        <datafield tag="338" ind1=" " ind2=" ">
            <subfield code="a">volume</subfield>
            <subfield code="0">http://rdaregistry.info/termList/RDACarrierType/1049</subfield>
            <subfield code="2">rdacarrier</subfield>
        </datafield>
        <datafield tag="380" ind1=" " ind2=" ">
            <subfield code="a">Language-based work</subfield>
            <subfield code="0">https://schema.nb.no/Bibliographic/Values/V1000</subfield>
        </datafield>
        <datafield tag="594" ind1=" " ind2=" ">
            <subfield code="a">Título del original en inglés: Fahrenheit 451</subfield>
        </datafield>
        <datafield tag="700" ind1="1" ind2=" ">
            <subfield code="a">Abelenda, Francisco</subfield>
            <subfield code="d">1922-2014</subfield>
            <subfield code="e">traductor</subfield>
            <subfield code="1">http://viaf.org/viaf/76117483</subfield>
            <subfield code="4">http://rdaregistry.info/Elements/e/object/P20037</subfield>
        </datafield>
    </record>