
    <record>
        <leader>01681cam a22003372u 4500</leader>
        <controlfield tag="001">a6207672</controlfield>
        <controlfield tag="005">20200218022147.3</controlfield>
        <controlfield tag="006">m    |o  d        </controlfield>
        <controlfield tag="007">cr |n ||||||||</controlfield>
        <controlfield tag="008">180614s2014    sp |||||o|||| ||| ||cat d</controlfield>
        <datafield tag="020" ind1=" " ind2=" ">
            <subfield code="a">9788475885131</subfield>
        </datafield>
        <datafield tag="100" ind1="1" ind2=" ">
            <subfield code="a">Bradbury, Ray</subfield>
            <subfield code="d">1920-2012</subfield>
            <subfield code="4">aut</subfield>
            <subfield code="0">XX1641453</subfield>
            <subfield code="1">http://viaf.org/viaf/12305881</subfield>
            <subfield code="4">http://rdaregistry.info/Elements/w/object/P10061</subfield>
        </datafield>
        <datafield tag="240" ind1="1" ind2="4">
            <subfield code="a">The martian chronicles</subfield>
            <subfield code="l">Catalán</subfield>
        </datafield>
        <datafield tag="245" ind1="1" ind2="4">
            <subfield code="a">Les cròniques marcianes</subfield>
        </datafield>
        <datafield tag="260" ind1=" " ind2=" ">
            <subfield code="a">Barcelona</subfield>
            <subfield code="b">Proa</subfield>
            <subfield code="c">2014</subfield>
        </datafield>
        <datafield tag="300" ind1=" " ind2=" ">
            <subfield code="a">1 recurso en línea</subfield>
            <subfield code="b">il.</subfield>
        </datafield>
        <datafield tag="336" ind1=" " ind2=" ">
            <subfield code="a">text</subfield>
            <subfield code="0">http://rdaregistry.info/termList/RDAContentType/1020</subfield>
        </datafield>
        <datafield tag="337" ind1=" " ind2=" ">
            <subfield code="a">computer</subfield>
            <subfield code="0">http://rdaregistry.info/termList/RDAMediaType/1003</subfield>
        </datafield>
        <datafield tag="338" ind1=" " ind2=" ">
            <subfield code="a">online</subfield>
            <subfield code="0">http://rdaregistry.info/termList/RDACarrierType/1018</subfield>
        </datafield>
        <datafield tag="380" ind1=" " ind2=" ">
            <subfield code="a">Language-based work</subfield>
            <subfield code="0">https://schema.nb.no/Bibliographic/Values/V1000</subfield>
        </datafield>
        <datafield tag="347" ind1=" " ind2=" ">
            <subfield code="a">archivo de texto</subfield>
            <subfield code="b">EPUB</subfield>
            <subfield code="c">0.37 Kbytes</subfield>
        </datafield>
        <datafield tag="490" ind1="0" ind2=" ">
            <subfield code="a">Proa butxaca</subfield>
        </datafield>
        <datafield tag="500" ind1=" " ind2=" ">
            <subfield code="a">Registro generado automáticamente a partir de metadatos facilitados por Libranda</subfield>
        </datafield>
        <datafield tag="520" ind1="3" ind2=" ">
            <subfield code="a">Les cròniques marcianes, obra clàssica de la ciència-ficció, recull les vicissituds de la colonització del planeta Mart i l'accidentada decadència de la seva civilització. A setanta milions de milles de distància del planeta Terra, el viatger de l'espai hi pot trobar els mateixos paranys dels quals creia fugir: la grolleria, la solitud, l'enveja o les parades de frankfurts.</subfield>
        </datafield>
        <datafield tag="530" ind1=" " ind2=" ">
            <subfield code="a">Publicado también como texto impreso</subfield>
        </datafield>
        <datafield tag="596" ind1=" " ind2=" ">
            <subfield code="a">"Grup 62"</subfield>
        </datafield>
        <datafield tag="700" ind1="1" ind2=" ">
            <subfield code="a">Monzó, Quim</subfield>
            <subfield code="d">1952-</subfield>
            <subfield code="e">traductor</subfield>
            <subfield code="4">trl</subfield>
        </datafield>
    </record>