
    <record>
        <leader>02721ngm a2200529Ic 4500</leader>
        <controlfield tag="001">a5439655</controlfield>
        <controlfield tag="003">SpMaBN</controlfield>
        <controlfield tag="005">20210617020848.5</controlfield>
        <controlfield tag="007">vd*cvaizs</controlfield>
        <controlfield tag="008">131203s2012    sp 285 g          vlspa  </controlfield>
        <datafield tag="017" ind1=" " ind2=" ">
            <subfield code="a">B 31276-2012</subfield>
            <subfield code="b">Oficina Depósito Legal Barcelona</subfield>
        </datafield>
        <datafield tag="028" ind1="4" ind2="0">
            <subfield code="a">LL1376</subfield>
            <subfield code="b">Cinema International Media</subfield>
        </datafield>
        <datafield tag="041" ind1="1" ind2=" ">
            <subfield code="a">spa</subfield>
            <subfield code="a">eng</subfield>
            <subfield code="b">spa</subfield>
            <subfield code="h">eng</subfield>
        </datafield>
        <datafield tag="130" ind1="4" ind2=" ">
            <subfield code="a">The Martian Chronicles</subfield>
            <subfield code="l">Español-inglés</subfield>
        </datafield>
        <datafield tag="245" ind1="1" ind2="0">
            <subfield code="a">Crónicas marcianas =</subfield>
            <subfield code="b">The martian chronicles</subfield>
            <subfield code="c">director Michael Anderson ; guión Richard Matheson ; fotografía Ted Moore ; música Stanley Myers</subfield>
        </datafield>
        <datafield tag="260" ind1=" " ind2=" ">
            <subfield code="a">[Barcelona]</subfield>
            <subfield code="b">Cinema International Media</subfield>
            <subfield code="c">D.L. 2012</subfield>
        </datafield>
        <datafield tag="300" ind1=" " ind2=" ">
            <subfield code="a">2 DVD-Vídeo (285 min)</subfield>
            <subfield code="b">son., col.</subfield>
            <subfield code="e">1 funda-estuche</subfield>
        </datafield>
        <datafield tag="336" ind1=" " ind2=" ">
            <subfield code="a">moving image</subfield>
            <subfield code="0">http://rdaregistry.info/termList/RDAContentType/1023</subfield>
        </datafield>
        <datafield tag="337" ind1=" " ind2=" ">
            <subfield code="a">video</subfield>
            <subfield code="0">http://rdaregistry.info/termList/RDAMediaType/1008</subfield>
        </datafield>
        <datafield tag="338" ind1=" " ind2=" ">
            <subfield code="a">DVD</subfield>
            <subfield code="0">http://rdaregistry.info/termList/RDACarrierType/1060</subfield>
        </datafield>
        <datafield tag="380" ind1=" " ind2=" ">
            <subfield code="a">movie</subfield>
            <subfield code="0">https://schema.nb.no/Bibliographic/Values/V1002</subfield>
        </datafield>
        <datafield tag="336" ind1=" " ind2=" ">
            <subfield code="a">Imagen (en movimiento ; bidimensional)</subfield>
            <subfield code="2">isbdcontent</subfield>
        </datafield>
        <datafield tag="337" ind1=" " ind2=" ">
            <subfield code="a">vídeo</subfield>
            <subfield code="2">isbdmedia</subfield>
        </datafield>
        <datafield tag="500" ind1=" " ind2=" ">
            <subfield code="a">Basado en el libro homónimo de Ray Bradbury</subfield>
        </datafield>
        <datafield tag="511" ind1="1" ind2=" ">
            <subfield code="a">Rock Hudson, Darren McGavin, Bernie Casey, Fritz Weaver, Roddy McDowall</subfield>
        </datafield>
        <datafield tag="518" ind1=" " ind2=" ">
            <subfield code="a">Miniserie de televisión realizada en 1980 en Estados Unidos</subfield>
        </datafield>
        <datafield tag="520" ind1="3" ind2=" ">
            <subfield code="a">Miniserie de tres episodios que se basa en la novela homónima que Ray Bradbury escribió en 1950. Relata la colonización de Marte por los hombres, que huyen de un mundo al borde de la destrucción. Los colonos sueñan con reproducir en el Planeta Rojo una civilización de perritos calientes, cómodos sofás y limonada en el porche al atardecer. Pero su equipaje incluye tanto miedos ancestrales, que se traducen en odio a lo diferente, como enfermedades que diezmarán a los marcianos</subfield>
        </datafield>
        <datafield tag="521" ind1=" " ind2=" ">
            <subfield code="a">No recomendada para menores de 7 años</subfield>
        </datafield>
        <datafield tag="546" ind1=" " ind2=" ">
            <subfield code="a">Versión en español e inglés con subtítulos opcionales en español</subfield>
        </datafield>
        <datafield tag="597" ind1=" " ind2=" ">
            <subfield code="a">Formato de pantalla 4:3</subfield>
        </datafield>
        <datafield tag="700" ind1="1" ind2=" ">
            <subfield code="a">Anderson, Michael</subfield>
            <subfield code="d">1920-2018</subfield>
        </datafield>
        <datafield tag="700" ind1="1" ind2=" ">
            <subfield code="a">Bradbury, Ray</subfield>
            <subfield code="d">1920-2012</subfield>
            <subfield code="t">The martian chronicles</subfield>
            <subfield code="l">Español</subfield>
        </datafield>
        <datafield tag="700" ind1="1" ind2=" ">
            <subfield code="a">Casey, Bernie</subfield>
            <subfield code="d">1939-</subfield>
        </datafield>
        <datafield tag="700" ind1="1" ind2=" ">
            <subfield code="a">Hudson, Rock</subfield>
            <subfield code="d">1925-1985</subfield>
        </datafield>
        <datafield tag="700" ind1="1" ind2=" ">
            <subfield code="a">Matheson, Richard</subfield>
            <subfield code="d">1926-2013</subfield>
        </datafield>
        <datafield tag="700" ind1="1" ind2=" ">
            <subfield code="a">McDowall, Roddy</subfield>
            <subfield code="d">1928-1998</subfield>
        </datafield>
        <datafield tag="700" ind1="1" ind2=" ">
            <subfield code="a">McGavin, Darren</subfield>
            <subfield code="d">1922-2006</subfield>
        </datafield>
        <datafield tag="700" ind1="1" ind2=" ">
            <subfield code="a">Moore, Ted</subfield>
            <subfield code="d">1914-1987</subfield>
        </datafield>
        <datafield tag="700" ind1="1" ind2=" ">
            <subfield code="a">Myers, Stanley</subfield>
            <subfield code="d">1933-1993</subfield>
        </datafield>
        <datafield tag="700" ind1="1" ind2=" ">
            <subfield code="a">Weaver, Fritz</subfield>
            <subfield code="d">1926-2016</subfield>
        </datafield>
    </record>