
    <record>
        <leader>02211ngm a22005051c 4500</leader>
        <controlfield tag="001">a5320096</controlfield>
        <controlfield tag="003">SpMaBN</controlfield>
        <controlfield tag="005">20180207123910.4</controlfield>
        <controlfield tag="007">vd*bvaizs</controlfield>
        <controlfield tag="008">130221s2012    sp 79  g          vlspa  </controlfield>
        <datafield tag="017" ind1=" " ind2=" ">
            <subfield code="a">B 34304-2012</subfield>
            <subfield code="b">Oficina Depósito Legal Barcelona</subfield>
        </datafield>
        <datafield tag="028" ind1="4" ind2="0">
            <subfield code="a">LL1433</subfield>
            <subfield code="b">Cinema International Media</subfield>
        </datafield>
        <datafield tag="041" ind1="1" ind2=" ">
            <subfield code="a">spa</subfield>
            <subfield code="a">eng</subfield>
            <subfield code="b">spa</subfield>
            <subfield code="h">eng</subfield>
        </datafield>
        <datafield tag="130" ind1="4" ind2=" ">
            <subfield code="a">The Beast from 20,000 Fathoms (Película cinematográfica)</subfield>
            <subfield code="l">Español-Inglés</subfield>
        </datafield>
        <datafield tag="245" ind1="1" ind2="3">
            <subfield code="a">El monstruo de tiempos remotos =</subfield>
            <subfield code="b">The beast from 20,000 fathoms</subfield>
            <subfield code="c">dirigida por Eugène Lourié ; guión Fred Freiberger, Eugène Lourié, Lou Morheim, Robert Smith  ; música David Buttolph ; fotografía John L. Russell</subfield>
        </datafield>
        <datafield tag="260" ind1=" " ind2=" ">
            <subfield code="a">[Barcelona]</subfield>
            <subfield code="b">Cinema International Media</subfield>
            <subfield code="c">D.L. 2012</subfield>
        </datafield>
        <datafield tag="300" ind1=" " ind2=" ">
            <subfield code="a">1 DVD-Vídeo (79 min)</subfield>
            <subfield code="b">son., bl. y n.</subfield>
        </datafield>
        <datafield tag="336" ind1=" " ind2=" ">
            <subfield code="a">moving image</subfield>
            <subfield code="0">http://rdaregistry.info/termList/RDAContentType/1023</subfield>
        </datafield>
        <datafield tag="337" ind1=" " ind2=" ">
            <subfield code="a">video</subfield>
            <subfield code="0">http://rdaregistry.info/termList/RDAMediaType/1008</subfield>
        </datafield>
        <datafield tag="338" ind1=" " ind2=" ">
            <subfield code="a">DVD</subfield>
            <subfield code="0">http://rdaregistry.info/termList/RDACarrierType/1060</subfield>
        </datafield>
        <datafield tag="380" ind1=" " ind2=" ">
            <subfield code="a">movie</subfield>
            <subfield code="0">https://schema.nb.no/Bibliographic/Values/V1002</subfield>
        </datafield>
        <datafield tag="336" ind1=" " ind2=" ">
            <subfield code="a">Imagen (en movimiento ; bidimensional)</subfield>
            <subfield code="2">isbdcontent</subfield>
        </datafield>
        <datafield tag="337" ind1=" " ind2=" ">
            <subfield code="a">vídeo</subfield>
            <subfield code="2">isbdmedia</subfield>
        </datafield>
        <datafield tag="505" ind1="0" ind2=" ">
            <subfield code="a">Basado en una historia de Ray Bradbury</subfield>
        </datafield>
        <datafield tag="511" ind1="1" ind2=" ">
            <subfield code="a">Paul Hubschmid, Paula Raymond, Cecil Kellaway</subfield>
        </datafield>
        <datafield tag="518" ind1=" " ind2=" ">
            <subfield code="a">Largometraje realizado en 1953 en Estados Unidos</subfield>
        </datafield>
        <datafield tag="520" ind1="3" ind2=" ">
            <subfield code="a">Una prueba nuclear en el Ártico libera a un gigantesco dinosaurio. Los testimonios aportados por los supervivientes de sus aislados ataques son acogidos con incredulidad, pero el mosntruo llega a la costa este de Norteamérica sembrando el terror</subfield>
        </datafield>
        <datafield tag="521" ind1=" " ind2=" ">
            <subfield code="a">Para todos los públicos</subfield>
        </datafield>
        <datafield tag="546" ind1=" " ind2=" ">
            <subfield code="a">Versión en español e inglés con subtítulos en español</subfield>
        </datafield>
        <datafield tag="597" ind1=" " ind2=" ">
            <subfield code="a">Formato de pantalla 4/3</subfield>
        </datafield>
        <datafield tag="700" ind1="1" ind2=" ">
            <subfield code="a">Bradbury, Ray</subfield>
            <subfield code="d">1920-2012</subfield>
        </datafield>
        <datafield tag="700" ind1="1" ind2=" ">
            <subfield code="a">Buttolph, David</subfield>
            <subfield code="d">1902-1983</subfield>
        </datafield>
        <datafield tag="700" ind1="1" ind2=" ">
            <subfield code="a">Freiberger, Fred</subfield>
            <subfield code="d">1915-2003</subfield>
        </datafield>
        <datafield tag="700" ind1="1" ind2=" ">
            <subfield code="a">Hubschmid, Paul</subfield>
            <subfield code="d">1917-2001</subfield>
        </datafield>
        <datafield tag="700" ind1="1" ind2=" ">
            <subfield code="a">Kellaway, Cecil</subfield>
            <subfield code="d">1893-1973</subfield>
        </datafield>
        <datafield tag="700" ind1="1" ind2=" ">
            <subfield code="a">Lourié, Eugène</subfield>
            <subfield code="d">1903-1991</subfield>
        </datafield>
        <datafield tag="700" ind1="1" ind2=" ">
            <subfield code="a">Lourié, Eugène</subfield>
            <subfield code="d">1903-1991</subfield>
        </datafield>
        <datafield tag="700" ind1="1" ind2=" ">
            <subfield code="a">Morheim, Lou</subfield>
            <subfield code="d">1922-2013</subfield>
        </datafield>
        <datafield tag="700" ind1="1" ind2=" ">
            <subfield code="a">Raymond, Paula</subfield>
            <subfield code="b">1924-2003</subfield>
        </datafield>
        <datafield tag="700" ind1="1" ind2=" ">
            <subfield code="a">Russell, John L.</subfield>
            <subfield code="d">1905-1967</subfield>
        </datafield>
        <datafield tag="700" ind1="1" ind2=" ">
            <subfield code="a">Smith, Robert</subfield>
            <subfield code="c">guionista</subfield>
        </datafield>
    </record>