
    <record>
        <leader>04021ngm a2200709   4500</leader>
        <controlfield tag="001">a4592018</controlfield>
        <controlfield tag="003">SpMaBN</controlfield>
        <controlfield tag="005">20230727005700.5</controlfield>
        <controlfield tag="006">g211 e     ||   vl</controlfield>
        <controlfield tag="007">vd cvaizm</controlfield>
        <controlfield tag="008">090831s2009    sp 211 e         11 mul  </controlfield>
        <datafield tag="017" ind1=" " ind2=" ">
            <subfield code="a">M 18974-2009</subfield>
            <subfield code="b">Oficina Depósito Legal Madrid</subfield>
        </datafield>
        <datafield tag="028" ind1="4" ind2="0">
            <subfield code="a">827 139 1</subfield>
            <subfield code="b">Universal</subfield>
        </datafield>
        <datafield tag="041" ind1="1" ind2=" ">
            <subfield code="a">mul</subfield>
            <subfield code="b">mul</subfield>
            <subfield code="d">eng</subfield>
        </datafield>
        <datafield tag="245" ind1="0" ind2="0">
            <subfield code="a">Ciencia ficción</subfield>
            <subfield code="h">[Videograbación]</subfield>
        </datafield>
        <datafield tag="246" ind1="1" ind2="3">
            <subfield code="a">Colección 2 DVD ciencia ficción</subfield>
        </datafield>
        <datafield tag="246" ind1="1" ind2="3">
            <subfield code="a">Colección ciencia ficción</subfield>
        </datafield>
        <datafield tag="260" ind1=" " ind2=" ">
            <subfield code="a">Madrid</subfield>
            <subfield code="b">editado internacionalmente por Universal Pictures International Limited</subfield>
            <subfield code="b">distribuido en España por Universal Pictures Iberia</subfield>
            <subfield code="c">D.L. 2009</subfield>
        </datafield>
        <datafield tag="300" ind1=" " ind2=" ">
            <subfield code="a">2 DVD-Vídeo (ca. 211 min)</subfield>
            <subfield code="b">son., col.</subfield>
        </datafield>
        <datafield tag="336" ind1=" " ind2=" ">
            <subfield code="a">moving image</subfield>
            <subfield code="0">http://rdaregistry.info/termList/RDAContentType/1023</subfield>
        </datafield>
        <datafield tag="337" ind1=" " ind2=" ">
            <subfield code="a">video</subfield>
            <subfield code="0">http://rdaregistry.info/termList/RDAMediaType/1008</subfield>
        </datafield>
        <datafield tag="338" ind1=" " ind2=" ">
            <subfield code="a">DVD</subfield>
            <subfield code="0">http://rdaregistry.info/termList/RDACarrierType/1060</subfield>
        </datafield>
        <datafield tag="380" ind1=" " ind2=" ">
            <subfield code="a">movie</subfield>
            <subfield code="0">https://schema.nb.no/Bibliographic/Values/V1002</subfield>
        </datafield>
        <datafield tag="500" ind1=" " ind2=" ">
            <subfield code="a">Basada en la novela homónima de Ray Bradbury (Fahrenheit 451)</subfield>
        </datafield>
        <datafield tag="500" ind1=" " ind2=" ">
            <subfield code="a">Cine americano USA (Matadero cinco)</subfield>
        </datafield>
        <datafield tag="500" ind1=" " ind2=" ">
            <subfield code="a">Cine europeo Inglaterra (Fahrenheit 451)</subfield>
        </datafield>
        <datafield tag="500" ind1=" " ind2=" ">
            <subfield code="a">Guión basado en la novela de Kurt Vonnegut Jr. (Matadero cinco)</subfield>
        </datafield>
        <datafield tag="500" ind1=" " ind2=" ">
            <subfield code="a">Incluyen extras con información adicional</subfield>
        </datafield>
        <datafield tag="500" ind1=" " ind2=" ">
            <subfield code="a">Películas de ciencia-ficción realizadas en 1966 (Fahrenheit 451) y en 1972 (Matadero cinco)</subfield>
        </datafield>
        <datafield tag="505" ind1="0" ind2="0">
            <subfield code="a">DVD 1. Fahrenheit 451 / directed by François Truffaut ; screenplay by François Truffaut and Jean-Louis Richard ; produced by Lewis M. Allen ; original music by Bernard Herrmann ; cinematography by Nicolas Roeg -- DVD 2. Matadero cinco = Slaughterhouse-Five / director George Roy Hill ; argumento, Kurt Vonnegut Jr., Stephen Geller ; producida por Paul Monash ; música original, Glenn Gould ; director de fotografía, Miroslav Ondrícek</subfield>
        </datafield>
        <datafield tag="511" ind1="1" ind2=" ">
            <subfield code="a">Michael Sacks, Ron Liebman, Eugene Roche (Matadero cinco)</subfield>
        </datafield>
        <datafield tag="511" ind1="1" ind2=" ">
            <subfield code="a">Oskar Werner, Julie Christie, Cyril Cusack (Fahrenheit 451)</subfield>
        </datafield>
        <datafield tag="520" ind1="3" ind2=" ">
            <subfield code="a">Aunque Billy parece un hombre ordinario tiene la capacidad de revivir momentos pasados y futuros de su vida. Así esta capacidad lo lleva por el tiempo sin que él sepa cuando podrá regresar (Matadero cinco)</subfield>
        </datafield>
        <datafield tag="520" ind1="3" ind2=" ">
            <subfield code="a">Montag, un disciplinado bombero encargado de quemar libros prohibidos, conoce a una revolucionaria maestra que se atreve a leer. De pronto, se encuentra transformado en un fugitivo, obligado a escoger no sólo entre dos mujeres, sino entre su seguridad personal y su libertad intelectual (Fahrenheit 451)</subfield>
        </datafield>
        <datafield tag="521" ind1=" " ind2=" ">
            <subfield code="a">Autorizada para todos los públicos (Fahrenheit 451)</subfield>
        </datafield>
        <datafield tag="521" ind1=" " ind2=" ">
            <subfield code="a">No recomendada para menores de 18 años (Matadero cinco)</subfield>
        </datafield>
        <datafield tag="546" ind1=" " ind2=" ">
            <subfield code="a">Versiones en inglés y español, con subtítulos opcionales en inglés, español y portugués (Matadero cinco)</subfield>
        </datafield>
        <datafield tag="546" ind1=" " ind2=" ">
            <subfield code="a">Versiones en inglés, italiano y español, con subtítulos opcionales en inglés, italiano y español (Fahrenheit 451)</subfield>
        </datafield>
        <datafield tag="597" ind1=" " ind2=" ">
            <subfield code="a">Sistema de sonido Dolby Digital</subfield>
        </datafield>
        <datafield tag="700" ind1="1" ind2=" ">
            <subfield code="a">Allen, Lewis M.</subfield>
            <subfield code="d">1922-2003</subfield>
        </datafield>
        <datafield tag="700" ind1="1" ind2=" ">
            <subfield code="a">Bradbury, Ray</subfield>
            <subfield code="d">1920-2012</subfield>
            <subfield code="t">Fahrenheit 451</subfield>
        </datafield>
        <datafield tag="700" ind1="1" ind2=" ">
            <subfield code="a">Christie, Julie</subfield>
            <subfield code="d">1941-</subfield>
        </datafield>
        <datafield tag="700" ind1="1" ind2=" ">
            <subfield code="a">Cusack, Cyril</subfield>
            <subfield code="d">1910-1993</subfield>
        </datafield>
        <datafield tag="700" ind1="1" ind2=" ">
            <subfield code="a">Geller, Stephen</subfield>
        </datafield>
        <datafield tag="700" ind1="1" ind2=" ">
            <subfield code="a">Gould, Glenn</subfield>
            <subfield code="d">1932-1982</subfield>
        </datafield>
        <datafield tag="700" ind1="1" ind2=" ">
            <subfield code="a">Hill, George Roy</subfield>
            <subfield code="d">1922-2002</subfield>
        </datafield>
        <datafield tag="700" ind1="1" ind2=" ">
            <subfield code="a">Leibman, Ron</subfield>
            <subfield code="d">1937-2019</subfield>
        </datafield>
        <datafield tag="700" ind1="1" ind2=" ">
            <subfield code="a">Monash, Paul</subfield>
            <subfield code="d">1917-2003</subfield>
        </datafield>
        <datafield tag="700" ind1="1" ind2=" ">
            <subfield code="a">Ondrícek, Miroslav</subfield>
            <subfield code="d">1934-2015</subfield>
        </datafield>
        <datafield tag="700" ind1="1" ind2=" ">
            <subfield code="a">Richard, Jean-Louis</subfield>
            <subfield code="d">1927-2012</subfield>
        </datafield>
        <datafield tag="700" ind1="1" ind2=" ">
            <subfield code="a">Roche, Eugène</subfield>
        </datafield>
        <datafield tag="700" ind1="1" ind2=" ">
            <subfield code="a">Sacks, Michael</subfield>
            <subfield code="d">1948-</subfield>
        </datafield>
        <datafield tag="700" ind1="1" ind2=" ">
            <subfield code="a">Truffaut, François</subfield>
            <subfield code="d">1932-1984</subfield>
        </datafield>
        <datafield tag="700" ind1="1" ind2=" ">
            <subfield code="a">Vonnegut, Kurt</subfield>
            <subfield code="d">1922-2007</subfield>
            <subfield code="t">Slaughterhouse-five</subfield>
        </datafield>
        <datafield tag="700" ind1="1" ind2=" ">
            <subfield code="a">Werner, Oskar</subfield>
            <subfield code="d">1922-1984</subfield>
        </datafield>
        <datafield tag="730" ind1="1" ind2="2">
            <subfield code="a">Fahrenheit 451</subfield>
            <subfield code="1">https://www.imdb.com/title/tt0060390</subfield>
        </datafield>
        <datafield tag="730" ind1="0" ind2="2">
            <subfield code="a">Slaughterhouse-Five (G.R. Hill)</subfield>
            <subfield code="l">Español-Inglés</subfield>
        </datafield>
        <datafield tag="740" ind1="0" ind2="2">
            <subfield code="a">Matadero cinco</subfield>
        </datafield>
    </record>