
    <record>
        <leader>02565ngm a22005291  4500</leader>
        <controlfield tag="001">a4392507</controlfield>
        <controlfield tag="003">SpMaBN</controlfield>
        <controlfield tag="005">20160106003818.4</controlfield>
        <controlfield tag="007">vd cvaizm</controlfield>
        <controlfield tag="008">081202s2008    sp 093 g         1vlmul  </controlfield>
        <datafield tag="017" ind1=" " ind2=" ">
            <subfield code="a">M 17463-2008</subfield>
            <subfield code="b">Oficina Depósito Legal Madrid</subfield>
        </datafield>
        <datafield tag="028" ind1="4" ind2="0">
            <subfield code="a">825 628 6</subfield>
            <subfield code="b">Universal Pictures</subfield>
        </datafield>
        <datafield tag="041" ind1="1" ind2=" ">
            <subfield code="a">spa</subfield>
            <subfield code="a">eng</subfield>
            <subfield code="a">ita</subfield>
            <subfield code="b">eng</subfield>
            <subfield code="b">ita</subfield>
            <subfield code="b">spa</subfield>
            <subfield code="d">eng</subfield>
        </datafield>
        <datafield tag="130" ind1="1" ind2="2">
            <subfield code="a">Fahrenheit 451</subfield>
            <subfield code="1">https://www.imdb.com/title/tt0060390</subfield>
        </datafield>
        <datafield tag="245" ind1="1" ind2="0">
            <subfield code="a">Fahrenheit 451</subfield>
            <subfield code="h">[Videograbación]</subfield>
            <subfield code="c">directed by François Truffaut ; screenplay by François Truffaut and Jean-Louis Richard ; produced by Lewis M. Allen</subfield>
        </datafield>
        <datafield tag="250" ind1=" " ind2=" ">
            <subfield code="a">Ed. coleccionistas</subfield>
        </datafield>
        <datafield tag="260" ind1=" " ind2=" ">
            <subfield code="a">Madrid</subfield>
            <subfield code="b">editado internacionalmente por Universal Pictures International Limited</subfield>
            <subfield code="b">distribuido en España por Universal Pictures Iberia</subfield>
            <subfield code="c">D.L. 2008</subfield>
        </datafield>
        <datafield tag="300" ind1=" " ind2=" ">
            <subfield code="a">1 DVD-Vídeo (ca. 93 min)</subfield>
            <subfield code="b">son., col.</subfield>
            <subfield code="e">1 libreto (16 p.)</subfield>
        </datafield>
        <datafield tag="336" ind1=" " ind2=" ">
            <subfield code="a">moving image</subfield>
            <subfield code="0">http://rdaregistry.info/termList/RDAContentType/1023</subfield>
        </datafield>
        <datafield tag="337" ind1=" " ind2=" ">
            <subfield code="a">video</subfield>
            <subfield code="0">http://rdaregistry.info/termList/RDAMediaType/1008</subfield>
        </datafield>
        <datafield tag="338" ind1=" " ind2=" ">
            <subfield code="a">DVD</subfield>
            <subfield code="0">http://rdaregistry.info/termList/RDACarrierType/1060</subfield>
        </datafield>
        <datafield tag="380" ind1=" " ind2=" ">
            <subfield code="a">movie</subfield>
            <subfield code="0">https://schema.nb.no/Bibliographic/Values/V1002</subfield>
        </datafield>
        <datafield tag="500" ind1=" " ind2=" ">
            <subfield code="a">Basada en la novela homónima de Ray Bradbury</subfield>
        </datafield>
        <datafield tag="500" ind1=" " ind2=" ">
            <subfield code="a">Cine europeo Inglaterra</subfield>
        </datafield>
        <datafield tag="500" ind1=" " ind2=" ">
            <subfield code="a">El disco lleva impreso el nº de D.L. de una ed. anterior: M 36040-2003</subfield>
        </datafield>
        <datafield tag="500" ind1=" " ind2=" ">
            <subfield code="a">Fábula de ciencia-ficción realizada en 1966</subfield>
        </datafield>
        <datafield tag="500" ind1=" " ind2=" ">
            <subfield code="a">Incluye material extra con información adicional sobre la película</subfield>
        </datafield>
        <datafield tag="511" ind1="1" ind2=" ">
            <subfield code="a">Oskar Werner, Julie Christie, Cyril Cusack</subfield>
        </datafield>
        <datafield tag="520" ind1=" " ind2=" ">
            <subfield code="a">Montag, un disciplinado bombero encargado de quemar libros prohibidos, conoce a una revolucionaria maestra que se atreve a leer. De pronto, se encuentra transformado en un fugitivo, obligado a escoger no sólo entre dos mujeres, sino entre su seguridad personal y su libertad intelectual</subfield>
        </datafield>
        <datafield tag="521" ind1=" " ind2=" ">
            <subfield code="a">No recomendada para menores de 13 años</subfield>
        </datafield>
        <datafield tag="546" ind1=" " ind2=" ">
            <subfield code="a">Versiones en inglés, italiano y español, con subtítulos opcionales en inglés, italiano y español</subfield>
        </datafield>
        <datafield tag="597" ind1=" " ind2=" ">
            <subfield code="a">Estuche metálico</subfield>
        </datafield>
        <datafield tag="597" ind1=" " ind2=" ">
            <subfield code="a">Formato de pantalla panorámico anamórfico</subfield>
        </datafield>
        <datafield tag="597" ind1=" " ind2=" ">
            <subfield code="a">Formato de película 2.35:1</subfield>
        </datafield>
        <datafield tag="597" ind1=" " ind2=" ">
            <subfield code="a">Incluye un libreto con información adicional sobre la película</subfield>
        </datafield>
        <datafield tag="597" ind1=" " ind2=" ">
            <subfield code="a">Sistema de grabación del color PAL</subfield>
        </datafield>
        <datafield tag="597" ind1=" " ind2=" ">
            <subfield code="a">Sistema de sonido Dolby Digital 2.0 Mono</subfield>
        </datafield>
        <datafield tag="700" ind1="1" ind2=" ">
            <subfield code="a">Allen, Lewis M.</subfield>
            <subfield code="d">1922-2003</subfield>
        </datafield>
        <datafield tag="700" ind1="1" ind2=" ">
            <subfield code="a">Bradbury, Ray</subfield>
            <subfield code="d">1920-2012</subfield>
            <subfield code="t">Fahrenheit 451</subfield>
        </datafield>
        <datafield tag="700" ind1="1" ind2=" ">
            <subfield code="a">Christie, Julie</subfield>
            <subfield code="d">1941-</subfield>
        </datafield>
        <datafield tag="700" ind1="1" ind2=" ">
            <subfield code="a">Cusack, Cyril</subfield>
            <subfield code="d">1910-1993</subfield>
        </datafield>
        <datafield tag="700" ind1="1" ind2=" ">
            <subfield code="a">Richard, Jean-Louis</subfield>
            <subfield code="d">1927-2012</subfield>
        </datafield>
        <datafield tag="700" ind1="1" ind2=" ">
            <subfield code="a">Truffaut, François</subfield>
            <subfield code="d">1932-1984</subfield>
        </datafield>
        <datafield tag="700" ind1="1" ind2=" ">
            <subfield code="a">Werner, Oskar</subfield>
            <subfield code="d">1922-1984</subfield>
        </datafield>
    </record>