
    <record>
        <leader>01358nam a2200325   4500</leader>
        <controlfield tag="001">bimo0002056803</controlfield>
        <controlfield tag="003">SpMaBN</controlfield>
        <controlfield tag="005">20120926004531.4</controlfield>
        <controlfield tag="008">051014s2005    sp |          ||| ||spa  </controlfield>
        <datafield tag="016" ind1="7" ind2=" ">
            <subfield code="a">bimoBNE20050632775</subfield>
            <subfield code="2">SpMaBN</subfield>
        </datafield>
        <datafield tag="017" ind1=" " ind2=" ">
            <subfield code="a">NA 1022-2005</subfield>
            <subfield code="b">Oficina Depósito Legal Navarra</subfield>
        </datafield>
        <datafield tag="020" ind1=" " ind2=" ">
            <subfield code="a">84-672-1305-1</subfield>
        </datafield>
        <datafield tag="041" ind1="1" ind2=" ">
            <subfield code="a">spa</subfield>
            <subfield code="h">eng</subfield>
        </datafield>
        <datafield tag="080" ind1=" " ind2=" ">
            <subfield code="a">821.111(73)-31"19"</subfield>
        </datafield>
        <datafield tag="100" ind1="1" ind2=" ">
            <subfield code="a">Bradbury, Ray</subfield>
            <subfield code="d">1920-2012</subfield>
            <subfield code="0">XX1641453</subfield>
            <subfield code="1">http://viaf.org/viaf/12305881</subfield>
            <subfield code="4">http://rdaregistry.info/Elements/w/object/P10061</subfield>
        </datafield>
        <datafield tag="240" ind1="1" ind2="0">
            <subfield code="a">Fahrenheit 451</subfield>
            <subfield code="l">Español</subfield>
            <subfield code="1">http://viaf.org/viaf/185473935</subfield>
        </datafield>
        <datafield tag="245" ind1="1" ind2="0">
            <subfield code="a">Fahrenheit 451</subfield>
            <subfield code="h">[Texto impreso]</subfield>
            <subfield code="c">Ray Bradbury ; traducción de Francisco Abelenda</subfield>
        </datafield>
        <datafield tag="260" ind1=" " ind2=" ">
            <subfield code="a">Barcelona</subfield>
            <subfield code="b">Círculo de Lectores</subfield>
            <subfield code="c">[2005]</subfield>
        </datafield>
        <datafield tag="300" ind1=" " ind2=" ">
            <subfield code="a">183 p.</subfield>
            <subfield code="c">20 cm</subfield>
        </datafield>
        <datafield tag="336" ind1=" " ind2=" ">
            <subfield code="a">text</subfield>
            <subfield code="0">http://rdaregistry.info/termList/RDAContentType/1020</subfield>
        </datafield>
        <datafield tag="337" ind1=" " ind2=" ">
            <subfield code="a">unmediated</subfield>
            <subfield code="0">http://rdaregistry.info/termList/RDAMediaType/1007</subfield>
        </datafield>
        <datafield tag="338" ind1=" " ind2=" ">
            <subfield code="a">volume</subfield>
            <subfield code="0">http://rdaregistry.info/termList/RDACarrierType/1049</subfield>
            <subfield code="2">rdacarrier</subfield>
        </datafield>
        <datafield tag="380" ind1=" " ind2=" ">
            <subfield code="a">Language-based work</subfield>
            <subfield code="0">https://schema.nb.no/Bibliographic/Values/V1000</subfield>
        </datafield>
        <datafield tag="594" ind1=" " ind2=" ">
            <subfield code="a">Traducción de: Fahrenheit 451</subfield>
        </datafield>
        <datafield tag="700" ind1="1" ind2=" ">
            <subfield code="a">Abelenda, Francisco</subfield>
            <subfield code="d">1922-2014</subfield>
            <subfield code="e">traductor</subfield>
            <subfield code="1">http://viaf.org/viaf/76117483</subfield>
            <subfield code="4">http://rdaregistry.info/Elements/e/object/P20037</subfield>
        </datafield>
    </record>