
    <record>
        <leader>01942ngm a2200445   4500</leader>
        <controlfield tag="001">bivi0000021137</controlfield>
        <controlfield tag="003">SpMaBN</controlfield>
        <controlfield tag="005">20181127004257.3</controlfield>
        <controlfield tag="007">vd cvaizm</controlfield>
        <controlfield tag="008">040528s2003    sp 107 g         1vlmul  </controlfield>
        <datafield tag="016" ind1="7" ind2=" ">
            <subfield code="a">biviBNE20040092405</subfield>
            <subfield code="2">SpMaBN</subfield>
        </datafield>
        <datafield tag="017" ind1=" " ind2=" ">
            <subfield code="a">M 36040-2003</subfield>
            <subfield code="b">Oficina Depósito Legal Madrid</subfield>
        </datafield>
        <datafield tag="028" ind1="4" ind2="0">
            <subfield code="a">Universal: 8201479</subfield>
        </datafield>
        <datafield tag="041" ind1="1" ind2=" ">
            <subfield code="a">spa</subfield>
            <subfield code="a">eng</subfield>
            <subfield code="a">ita</subfield>
            <subfield code="b">eng</subfield>
            <subfield code="b">ita</subfield>
            <subfield code="b">spa</subfield>
            <subfield code="d">eng</subfield>
        </datafield>        
        <datafield tag="130" ind1="1" ind2="0">
            <subfield code="a">Fahrenheit 451</subfield>
            <subfield code="1">https://www.imdb.com/title/tt0060390</subfield>
        </datafield>
        <datafield tag="245" ind1="0" ind2="0">
            <subfield code="a">Fahrenheit 451</subfield>
            <subfield code="h">[Videograbación]</subfield>
            <subfield code="c">directed by François Truffaut ; produced by Lewis M. Allen ; screenplay by François Truffaut and Jean-Louis Richard ; director of photography, Nicolas Roeg ; music by Bernard Herrmann</subfield>
        </datafield>
        <datafield tag="260" ind1=" " ind2=" ">
            <subfield code="a">Madrid</subfield>
            <subfield code="b">editado internacionalmente por Universal Pictures International Limited</subfield>
            <subfield code="b">distribuido en España por Universal Pictures Iberia</subfield>
            <subfield code="c">D.L. 2003</subfield>
        </datafield>
        <datafield tag="300" ind1=" " ind2=" ">
            <subfield code="a">1 videodisco (DVD) (ca. 107 min)</subfield>
            <subfield code="b">son., col.</subfield>
        </datafield>
        <datafield tag="336" ind1=" " ind2=" ">
            <subfield code="a">moving image</subfield>
            <subfield code="0">http://rdaregistry.info/termList/RDAContentType/1023</subfield>
        </datafield>
        <datafield tag="337" ind1=" " ind2=" ">
            <subfield code="a">video</subfield>
            <subfield code="0">http://rdaregistry.info/termList/RDAMediaType/1008</subfield>
        </datafield>
        <datafield tag="338" ind1=" " ind2=" ">
            <subfield code="a">DVD</subfield>
            <subfield code="0">http://rdaregistry.info/termList/RDACarrierType/1060</subfield>
        </datafield>
        <datafield tag="380" ind1=" " ind2=" ">
            <subfield code="a">movie</subfield>
            <subfield code="0">https://schema.nb.no/Bibliographic/Values/V1002</subfield>
        </datafield>
        <datafield tag="500" ind1=" " ind2=" ">
            <subfield code="a">Basada en la novela homónima de Ray Bradbury</subfield>
        </datafield>
        <datafield tag="511" ind1="1" ind2=" ">
            <subfield code="a">Oskar Werner, Julie Christie, Cyril Cusack</subfield>
        </datafield>
        <datafield tag="521" ind1=" " ind2=" ">
            <subfield code="a">Autorizada para todos los públicos</subfield>
        </datafield>
        <datafield tag="546" ind1=" " ind2=" ">
            <subfield code="a">Versiones en inglés, italiano y español, con subtítulos opcionales en inglés, italiano y español</subfield>
        </datafield>
        <datafield tag="597" ind1=" " ind2=" ">
            <subfield code="a">Formato de película 1.85:1 panorámico</subfield>
        </datafield>
        <datafield tag="597" ind1=" " ind2=" ">
            <subfield code="a">Sistema de grabación del color PAL</subfield>
        </datafield>
        <datafield tag="700" ind1="1" ind2=" ">
            <subfield code="a">Allen, Lewis M.</subfield>
            <subfield code="d">1922-2003</subfield>
        </datafield>
        <datafield tag="700" ind1="1" ind2=" ">
            <subfield code="a">Bradbury, Ray</subfield>
            <subfield code="d">1920-2012</subfield>
            <subfield code="t">Fahrenheit 451</subfield>
        </datafield>
        <datafield tag="700" ind1="1" ind2=" ">
            <subfield code="a">Christie, Julie</subfield>
            <subfield code="d">1941-</subfield>
        </datafield>
        <datafield tag="700" ind1="1" ind2=" ">
            <subfield code="a">Cusack, Cyril</subfield>
            <subfield code="d">1910-1993</subfield>
        </datafield>
        <datafield tag="700" ind1="1" ind2=" ">
            <subfield code="a">Herrmann, Bernard</subfield>
            <subfield code="d">1911-1975</subfield>
        </datafield>
        <datafield tag="700" ind1="1" ind2=" ">
            <subfield code="a">Richard, Jean-Louis</subfield>
            <subfield code="d">1927-2012</subfield>
        </datafield>
        <datafield tag="700" ind1="1" ind2=" ">
            <subfield code="a">Roeg, Nicolas</subfield>
            <subfield code="d">1928-2018</subfield>
        </datafield>
        <datafield tag="700" ind1="1" ind2=" ">
            <subfield code="a">Truffaut, François</subfield>
            <subfield code="d">1932-1984</subfield>
        </datafield>
        <datafield tag="700" ind1="1" ind2=" ">
            <subfield code="a">Werner, Oskar</subfield>
            <subfield code="d">1922-1984</subfield>
        </datafield>
    </record>