
    <record>
        <leader>01551nam a2200361   4500</leader>
        <controlfield tag="001">Mimo0001856058</controlfield>
        <controlfield tag="003">SpMaBN</controlfield>
        <controlfield tag="005">20200515022754.6</controlfield>
        <controlfield tag="008">030603s2002    sp |          ||| ||spa  </controlfield>
        <datafield tag="016" ind1="7" ind2=" ">
            <subfield code="a">bimoBNE20030443966</subfield>
            <subfield code="2">SpMaBN</subfield>
        </datafield>
        <datafield tag="017" ind1=" " ind2=" ">
            <subfield code="a">B 42835-2002</subfield>
            <subfield code="b">Oficina Depósito Legal Barcelona</subfield>
        </datafield>
        <datafield tag="020" ind1=" " ind2=" ">
            <subfield code="a">84-96075-79-6</subfield>
        </datafield>
        <datafield tag="041" ind1="1" ind2=" ">
            <subfield code="a">spa</subfield>
            <subfield code="h">eng</subfield>
        </datafield>
        <datafield tag="080" ind1=" " ind2=" ">
            <subfield code="a">821.111(73)-31"19"</subfield>
        </datafield>
        <datafield tag="100" ind1="1" ind2=" ">
            <subfield code="a">Bradbury, Ray</subfield>
            <subfield code="d">1920-2012</subfield>
            <subfield code="0">XX1641453</subfield>
            <subfield code="1">http://viaf.org/viaf/12305881</subfield>
            <subfield code="4">http://rdaregistry.info/Elements/w/object/P10061</subfield>
        </datafield>
        <datafield tag="240" ind1="1" ind2="0">
            <subfield code="a">Fahrenheit 451</subfield>
            <subfield code="l">Español</subfield>
            <subfield code="1">http://viaf.org/viaf/185473935</subfield>
        </datafield>
        <datafield tag="245" ind1="1" ind2="0">
            <subfield code="a">Fahrenheit 451</subfield>
            <subfield code="h">[Texto impreso]</subfield>
            <subfield code="c">Ray Bradbury ; prólogo de Javier Tomeo ; [traducción, Alfredo Crespo]</subfield>
        </datafield>
        <datafield tag="260" ind1=" " ind2=" ">
            <subfield code="a">[Barcelona]</subfield>
            <subfield code="b">MDS Books/Mediasat</subfield>
            <subfield code="c">[2002]</subfield>
        </datafield>
        <datafield tag="300" ind1=" " ind2=" ">
            <subfield code="a">192 p.</subfield>
            <subfield code="c">21 cm</subfield>
        </datafield>
        <datafield tag="336" ind1=" " ind2=" ">
            <subfield code="a">text</subfield>
            <subfield code="0">http://rdaregistry.info/termList/RDAContentType/1020</subfield>
        </datafield>
        <datafield tag="337" ind1=" " ind2=" ">
            <subfield code="a">unmediated</subfield>
            <subfield code="0">http://rdaregistry.info/termList/RDAMediaType/1007</subfield>
        </datafield>
        <datafield tag="338" ind1=" " ind2=" ">
            <subfield code="a">volume</subfield>
            <subfield code="0">http://rdaregistry.info/termList/RDACarrierType/1049</subfield>
            <subfield code="2">rdacarrier</subfield>
        </datafield>
        <datafield tag="380" ind1=" " ind2=" ">
            <subfield code="a">Language-based work</subfield>
            <subfield code="0">https://schema.nb.no/Bibliographic/Values/V1000</subfield>
        </datafield>
        <datafield tag="440" ind1=" " ind2="0">
            <subfield code="a">Millenium.</subfield>
            <subfield code="p">Las mejores novelas de la literatura universal contemporánea</subfield>
            <subfield code="v">[54]</subfield>
        </datafield>
        <datafield tag="490" ind1="1" ind2=" ">
            <subfield code="a">[Biblioteca El mundo]</subfield>
        </datafield>
        <datafield tag="594" ind1=" " ind2=" ">
            <subfield code="a">Traducción de: Fahrenheit 451</subfield>
        </datafield>
        <datafield tag="700" ind1="1" ind2=" ">
            <subfield code="a">Crespo, Alfredo</subfield>
            <subfield code="q">Crespo López</subfield>
            <subfield code="e">traductor</subfield>
            <subfield code="1">http://viaf.org/viaf/7222256</subfield>
            <subfield code="4">trl</subfield>
            <subfield code="4">http://rdaregistry.info/Elements/e/object/P20037</subfield>
        </datafield>
        <datafield tag="830" ind1=" " ind2="0">
            <subfield code="a">Biblioteca El mundo</subfield>
        </datafield>
    </record>