
    <record>
        <leader>01940ngm a22004571  4500</leader>
        <controlfield tag="001">bivi0000044163</controlfield>
        <controlfield tag="003">SpMaBN</controlfield>
        <controlfield tag="005">20160106003818.4</controlfield>
        <controlfield tag="007">vf cbahou</controlfield>
        <controlfield tag="008">030623s2001    sp     g       0 11 spa  </controlfield>
        <datafield tag="016" ind1="7" ind2=" ">
            <subfield code="a">biviBNE20030280347</subfield>
            <subfield code="2">SpMaBN</subfield>
        </datafield>
        <datafield tag="017" ind1=" " ind2=" ">
            <subfield code="a">M 27898-2001</subfield>
            <subfield code="b">Oficina Depósito Legal Madrid</subfield>
        </datafield>
        <datafield tag="028" ind1="4" ind2="0">
            <subfield code="a">9041493</subfield>
            <subfield code="b">Universal</subfield>
        </datafield>
        <datafield tag="041" ind1="1" ind2=" ">
            <subfield code="a">spa</subfield>
            <subfield code="d">eng</subfield>
        </datafield>
        <datafield tag="130" ind1="0" ind2=" ">
            <subfield code="a">Fahrenheit 451</subfield>
            <subfield code="1">https://www.imdb.com/title/tt0060390</subfield>
        </datafield>
        <datafield tag="245" ind1="1" ind2="0">
            <subfield code="a">Fahrenheit 451</subfield>
            <subfield code="h">[Videograbación]</subfield>
            <subfield code="c">directed by François Truffaut ; produced by Lewis M. Allen ; screenplay by François Truffaut and Jean-Louis Richard</subfield>
        </datafield>
        <datafield tag="260" ind1=" " ind2=" ">
            <subfield code="a">Madrid</subfield>
            <subfield code="b">Universal Pictures Spain</subfield>
            <subfield code="c">D.L. 2001</subfield>
        </datafield>
        <datafield tag="300" ind1=" " ind2=" ">
            <subfield code="a">1 videocasete (VHS) (ca. 112 min)</subfield>
        </datafield>
        <datafield tag="336" ind1=" " ind2=" ">
            <subfield code="a">moving image</subfield>
            <subfield code="0">http://rdaregistry.info/termList/RDAContentType/1023</subfield>
        </datafield>
        <datafield tag="337" ind1=" " ind2=" ">
            <subfield code="a">video</subfield>
            <subfield code="0">http://rdaregistry.info/termList/RDAMediaType/1008</subfield>
        </datafield>
        <datafield tag="338" ind1=" " ind2=" ">
            <subfield code="a">VHS</subfield>
            <subfield code="0">http://rdaregistry.info/termList/RDACarrierType/1052</subfield>
        </datafield>
        <datafield tag="380" ind1=" " ind2=" ">
            <subfield code="a">movie</subfield>
            <subfield code="0">https://schema.nb.no/Bibliographic/Values/V1002</subfield>
        </datafield>
        <datafield tag="500" ind1=" " ind2=" ">
            <subfield code="a">Basada en la novela homónima de Ray Bradbury</subfield>
        </datafield>
        <datafield tag="500" ind1=" " ind2=" ">
            <subfield code="a">Cine europeo Reino Unido</subfield>
        </datafield>
        <datafield tag="500" ind1=" " ind2=" ">
            <subfield code="a">Película de ciencia-ficción realizada en 1966</subfield>
        </datafield>
        <datafield tag="511" ind1="1" ind2=" ">
            <subfield code="a">Julie Christie, Oskar Werner, Cyril Cusack</subfield>
        </datafield>
        <datafield tag="520" ind1="3" ind2=" ">
            <subfield code="a">En un mundo controlado donde la individualidad y la creatividad han desaparecido en favor de la seguridad y la comodidad, los libros están prohibidos y deben ser quemados o se corre el riesgo de convertirse en fugitivo de la ley</subfield>
        </datafield>
        <datafield tag="521" ind1=" " ind2=" ">
            <subfield code="a">Autorizada para todos los públicos</subfield>
        </datafield>
        <datafield tag="546" ind1=" " ind2=" ">
            <subfield code="a">Doblada en español</subfield>
        </datafield>
        <datafield tag="700" ind1="1" ind2=" ">
            <subfield code="a">Allen, Lewis M.</subfield>
            <subfield code="d">1922-2003</subfield>
        </datafield>
        <datafield tag="700" ind1="1" ind2=" ">
            <subfield code="a">Christie, Julie</subfield>
            <subfield code="d">1941-</subfield>
        </datafield>
        <datafield tag="700" ind1="1" ind2=" ">
            <subfield code="a">Cusack, Cyril</subfield>
            <subfield code="d">1910-1993</subfield>
        </datafield>
        <datafield tag="700" ind1="1" ind2=" ">
            <subfield code="a">Richard, Jean-Louis</subfield>
            <subfield code="d">1927-2012</subfield>
        </datafield>
        <datafield tag="700" ind1="1" ind2=" ">
            <subfield code="a">Truffaut, François</subfield>
            <subfield code="d">1932-1984</subfield>
        </datafield>
        <datafield tag="700" ind1="1" ind2=" ">
            <subfield code="a">Werner, Oskar</subfield>
            <subfield code="d">1922-1984</subfield>
        </datafield>
        <datafield tag="700" ind1="1" ind2="2">
            <subfield code="a">Bradbury, Ray</subfield>
            <subfield code="d">1920-2012</subfield>
            <subfield code="t">Fahrenheit 451</subfield>
        </datafield>
    </record>