
    <record>
        <leader>01744cgm a2200445   4500</leader>
        <controlfield tag="001">bivi0000015364</controlfield>
        <controlfield tag="003">SpMaBN</controlfield>
        <controlfield tag="005">20220212011617.7</controlfield>
        <controlfield tag="007">vf cbahos</controlfield>
        <controlfield tag="008">010621s2000    sp 112 g         1vlspa  </controlfield>
        <datafield tag="016" ind1="7" ind2=" ">
            <subfield code="a">biviBNE20010022015</subfield>
            <subfield code="2">SpMaBN</subfield>
        </datafield>
        <datafield tag="017" ind1=" " ind2=" ">
            <subfield code="a">M 29368-2000</subfield>
            <subfield code="b">Oficina Depósito Legal Madrid</subfield>
        </datafield>
        <datafield tag="041" ind1="1" ind2=" ">
            <subfield code="a">spa</subfield>
            <subfield code="h">eng</subfield>
        </datafield>
        <datafield tag="130" ind1="1" ind2="0">
            <subfield code="a">Fahrenheit 451</subfield>
            <subfield code="1">https://www.imdb.com/title/tt0060390</subfield>
        </datafield>
        <datafield tag="245" ind1="0" ind2="0">
            <subfield code="a">Fahrenheit 451</subfield>
            <subfield code="h">[Videograbación]</subfield>
            <subfield code="c">dirigida por FranÇois Truffaut ; producida por Lewis M. Allen ; guión de François Truffaut y Jean-Louis Richard</subfield>
        </datafield>
        <datafield tag="260" ind1=" " ind2=" ">
            <subfield code="a">[Madrid]</subfield>
            <subfield code="b">Universal Studios</subfield>
            <subfield code="c">D.L. 2000</subfield>
        </datafield>
        <datafield tag="300" ind1=" " ind2=" ">
            <subfield code="a">1 videocasete (VHS) (ca. 112 min)</subfield>
        </datafield>
        <datafield tag="336" ind1=" " ind2=" ">
            <subfield code="a">moving image</subfield>
            <subfield code="0">http://rdaregistry.info/termList/RDAContentType/1023</subfield>
        </datafield>
        <datafield tag="337" ind1=" " ind2=" ">
            <subfield code="a">video</subfield>
            <subfield code="0">http://rdaregistry.info/termList/RDAMediaType/1008</subfield>
        </datafield>
        <datafield tag="338" ind1=" " ind2=" ">
            <subfield code="a">VHS</subfield>
            <subfield code="0">http://rdaregistry.info/termList/RDACarrierType/1052</subfield>
        </datafield>
        <datafield tag="380" ind1=" " ind2=" ">
            <subfield code="a">movie</subfield>
            <subfield code="0">https://schema.nb.no/Bibliographic/Values/V1002</subfield>
        </datafield>
        <datafield tag="490" ind1="1" ind2=" ">
            <subfield code="a">El siglo XX a través del cine: las cien películas de nuestra vida</subfield>
            <subfield code="v">94.</subfield>
            <subfield code="a">Retos para una sociedad nueva</subfield>
        </datafield>
        <datafield tag="500" ind1=" " ind2=" ">
            <subfield code="a">Basada en la novela de Ray Bradbury</subfield>
        </datafield>
        <datafield tag="511" ind1="1" ind2=" ">
            <subfield code="a">Julie Christie, Oskar Werner, Cyril Cusack</subfield>
        </datafield>
        <datafield tag="521" ind1=" " ind2=" ">
            <subfield code="a">Autorizada para todos los públicos</subfield>
        </datafield>
        <datafield tag="546" ind1=" " ind2=" ">
            <subfield code="a">Doblada en español</subfield>
        </datafield>
        <datafield tag="596" ind1=" " ind2=" ">
            <subfield code="a">Disponible con la compra del diario El Mundo</subfield>
        </datafield>
        <datafield tag="700" ind1="1" ind2=" ">
            <subfield code="a">Allen, Lewis M.</subfield>
            <subfield code="d">1922-2003</subfield>
        </datafield>
        <datafield tag="700" ind1="1" ind2=" ">
            <subfield code="a">Bradbury, Ray</subfield>
            <subfield code="d">1920-2012</subfield>
            <subfield code="t">Fahrenheit 451</subfield>
        </datafield>
        <datafield tag="700" ind1="1" ind2=" ">
            <subfield code="a">Christie, Julie</subfield>
            <subfield code="d">1941-</subfield>
        </datafield>
        <datafield tag="700" ind1="1" ind2=" ">
            <subfield code="a">Cusack, Cyril</subfield>
            <subfield code="d">1910-1993</subfield>
        </datafield>
        <datafield tag="700" ind1="1" ind2=" ">
            <subfield code="a">Richard, Jean-Louis</subfield>
            <subfield code="d">1927-2012</subfield>
        </datafield>
        <datafield tag="700" ind1="1" ind2=" ">
            <subfield code="a">Truffaut, François</subfield>
            <subfield code="d">1932-1984</subfield>
        </datafield>
        <datafield tag="700" ind1="1" ind2=" ">
            <subfield code="a">Werner, Oskar</subfield>
            <subfield code="d">1922-1984</subfield>
        </datafield>
        <datafield tag="830" ind1=" " ind2="3">
            <subfield code="a">El siglo XX a través del cine</subfield>
            <subfield code="v">94</subfield>
        </datafield>
        <datafield tag="830" ind1=" " ind2="3">
            <subfield code="a">El siglo XX a través del cine.</subfield>
            <subfield code="p">Retos para una sociedad nueva</subfield>
        </datafield>
    </record>