
    <record>
        <leader>02335ngm a2200505   4500</leader>
        <controlfield tag="001">bivi0000020236</controlfield>
        <controlfield tag="003">SpMaBN</controlfield>
        <controlfield tag="005">20211005011558.3</controlfield>
        <controlfield tag="007">vf*cbahou</controlfield>
        <controlfield tag="008">060316s1989    sp 092 g          1 spa  </controlfield>
        <datafield tag="016" ind1="7" ind2=" ">
            <subfield code="a">biviBNE20060059206</subfield>
            <subfield code="2">SpMaBN</subfield>
        </datafield>
        <datafield tag="017" ind1=" " ind2=" ">
            <subfield code="a">M 25063-1989</subfield>
            <subfield code="b">Oficina Depósito Legal Madrid</subfield>
        </datafield>
        <datafield tag="028" ind1="4" ind2="0">
            <subfield code="a">1138-89</subfield>
            <subfield code="b">Walt Disney Home Video Filmayer Video</subfield>
        </datafield>
        <datafield tag="028" ind1="4" ind2="0">
            <subfield code="a">166/71</subfield>
            <subfield code="b">Walt Disney Home Video Filmayer Video</subfield>
        </datafield>
        <datafield tag="041" ind1="1" ind2=" ">
            <subfield code="a">spa</subfield>
            <subfield code="h">eng</subfield>
        </datafield>
        <datafield tag="130" ind1="0" ind2=" ">
            <subfield code="a">Something wicked this way comes</subfield>
            <subfield code="l">Español-Inglés</subfield>
        </datafield>
        <datafield tag="245" ind1="1" ind2="3">
            <subfield code="a">El carnaval de las tinieblas</subfield>
            <subfield code="h">[Videograbación] =</subfield>
            <subfield code="b">Something wicked this way comes</subfield>
            <subfield code="c">dirigida por Jack Clayton ; guión de Ray Bradbury ; música compuesta por James Horner</subfield>
        </datafield>
        <datafield tag="260" ind1=" " ind2=" ">
            <subfield code="a">[Madrid]</subfield>
            <subfield code="b">Walt Disney Home Video</subfield>
            <subfield code="b">distribuido por Filmayer Video</subfield>
            <subfield code="c">D.L. 1989</subfield>
        </datafield>
        <datafield tag="300" ind1=" " ind2=" ">
            <subfield code="a">1 videocasete (VHS) (92 min)</subfield>
            <subfield code="b">son., col.</subfield>
        </datafield>
        <datafield tag="336" ind1=" " ind2=" ">
            <subfield code="a">moving image</subfield>
            <subfield code="0">http://rdaregistry.info/termList/RDAContentType/1023</subfield>
        </datafield>
        <datafield tag="337" ind1=" " ind2=" ">
            <subfield code="a">video</subfield>
            <subfield code="0">http://rdaregistry.info/termList/RDAMediaType/1008</subfield>
        </datafield>
        <datafield tag="338" ind1=" " ind2=" ">
            <subfield code="a">VHS</subfield>
            <subfield code="0">http://rdaregistry.info/termList/RDACarrierType/1052</subfield>
        </datafield>
        <datafield tag="380" ind1=" " ind2=" ">
            <subfield code="a">movie</subfield>
            <subfield code="0">https://schema.nb.no/Bibliographic/Values/V1002</subfield>
        </datafield>
        <datafield tag="500" ind1=" " ind2=" ">
            <subfield code="a">Galardonada en "Saturn Awards" (1984)</subfield>
        </datafield>
        <datafield tag="500" ind1=" " ind2=" ">
            <subfield code="a">Guión basado en la novela "Something wicked this way comes", de Ray Bradbury</subfield>
        </datafield>
        <datafield tag="511" ind1="1" ind2=" ">
            <subfield code="a">Jason Robards, Jonathan Pryce, Pam Grier</subfield>
        </datafield>
        <datafield tag="518" ind1=" " ind2=" ">
            <subfield code="a">Realizada en 1983 en Estados Unidos</subfield>
        </datafield>
        <datafield tag="520" ind1="3" ind2=" ">
            <subfield code="a">El extraño señor Dark, propietario de un carnaval ambulante, plantea a los habitantes del pequeño pueblo de Green Town la siguiente pregunta: ¿Qué estaría usted dispuesto a pagar para ver cómo sus sueños se hacen realidad? Los personajes se verán atrapados por un secreto aterrador que cambiará el destino del pueblo para siempre</subfield>
        </datafield>
        <datafield tag="521" ind1=" " ind2=" ">
            <subfield code="a">Autorizada para todos los públicos</subfield>
        </datafield>
        <datafield tag="546" ind1=" " ind2=" ">
            <subfield code="a">Doblada en español</subfield>
        </datafield>
        <datafield tag="597" ind1=" " ind2=" ">
            <subfield code="a">Sonido Hi-Fi</subfield>
        </datafield>
        <datafield tag="700" ind1="1" ind2=" ">
            <subfield code="a">Bradbury, Ray</subfield>
            <subfield code="d">1920-2012</subfield>
            <subfield code="t">Something wicked this way comes</subfield>
        </datafield>
        <datafield tag="700" ind1="1" ind2=" ">
            <subfield code="a">Clayton, Jack</subfield>
            <subfield code="d">1921-1995</subfield>
        </datafield>
        <datafield tag="700" ind1="1" ind2=" ">
            <subfield code="a">Grier, Pam</subfield>
            <subfield code="d">1949-</subfield>
        </datafield>
        <datafield tag="700" ind1="1" ind2=" ">
            <subfield code="a">Horner, James</subfield>
            <subfield code="d">1953-2015</subfield>
        </datafield>
        <datafield tag="700" ind1="1" ind2=" ">
            <subfield code="a">Pryce, Jonathan</subfield>
            <subfield code="d">1947-</subfield>
        </datafield>
        <datafield tag="700" ind1="1" ind2=" ">
            <subfield code="a">Robards, Jason</subfield>
            <subfield code="d">1922-2000</subfield>
        </datafield>
        <datafield tag="711" ind1="2" ind2=" ">
            <subfield code="a">Saturn Awards</subfield>
            <subfield code="n">11º</subfield>
            <subfield code="d">1984</subfield>
            <subfield code="c">Los Ángeles, California</subfield>
        </datafield>
    </record>