
    <record>
        <leader>01526nam a2200349 i 4500</leader>
        <controlfield tag="001">bimo0000033268</controlfield>
        <controlfield tag="003">SpMaBN</controlfield>
        <controlfield tag="005">20140312020543.4</controlfield>
        <controlfield tag="008">881230s1988    sp                  spa  </controlfield>
        <datafield tag="016" ind1="7" ind2=" ">
            <subfield code="a">bimoBNE19910336327</subfield>
            <subfield code="z">SAB9000037166</subfield>
            <subfield code="2">SpMaBN</subfield>
        </datafield>
        <datafield tag="017" ind1=" " ind2=" ">
            <subfield code="a">V 778-1988</subfield>
            <subfield code="b">Oficina Depósito Legal Valencia</subfield>
        </datafield>
        <datafield tag="020" ind1=" " ind2=" ">
            <subfield code="a">84-7575-267-5</subfield>
        </datafield>
        <datafield tag="080" ind1=" " ind2=" ">
            <subfield code="a">087.5:82-34(082.2)</subfield>
        </datafield>
        <datafield tag="245" ind1="0" ind2="0">
            <subfield code="a">Cuentos de cementerio</subfield>
            <subfield code="h">[Texto impreso]</subfield>
            <subfield code="c">Bradbury... [et al.] ; dibujos, José Aguilar ; [traducción, Jane Heilker y Beatriz Polo Bertomeu]</subfield>
        </datafield>
        <datafield tag="260" ind1=" " ind2=" ">
            <subfield code="a">Valencia</subfield>
            <subfield code="b">Mestral Libros</subfield>
            <subfield code="c">D.L. 1988</subfield>
        </datafield>
        <datafield tag="300" ind1=" " ind2=" ">
            <subfield code="a">84 p.</subfield>
            <subfield code="b">il.</subfield>
            <subfield code="c">19 cm</subfield>
        </datafield>
        <datafield tag="336" ind1=" " ind2=" ">
            <subfield code="a">text</subfield>
            <subfield code="0">http://rdaregistry.info/termList/RDAContentType/1020</subfield>
        </datafield>
        <datafield tag="337" ind1=" " ind2=" ">
            <subfield code="a">unmediated</subfield>
            <subfield code="0">http://rdaregistry.info/termList/RDAMediaType/1007</subfield>
        </datafield>
        <datafield tag="338" ind1=" " ind2=" ">
            <subfield code="a">volume</subfield>
            <subfield code="0">http://rdaregistry.info/termList/RDACarrierType/1049</subfield>
            <subfield code="2">rdacarrier</subfield>
        </datafield>
        <datafield tag="380" ind1=" " ind2=" ">
            <subfield code="a">Language-based work</subfield>
            <subfield code="0">https://schema.nb.no/Bibliographic/Values/V1000</subfield>
        </datafield>
        <datafield tag="440" ind1=" " ind2="0">
            <subfield code="a">Mestral juvenil</subfield>
            <subfield code="v">4</subfield>
        </datafield>
        <datafield tag="500" ind1=" " ind2=" ">
            <subfield code="a">Contiene: El emisario / Ray Bradbury. El intruso / H.P. Lovecraft. Los hechos en el caso del Sr. Waldemar / Edgar Allan Poe. Los fabricantes de ataúdes / Raymond Williamss</subfield>
        </datafield>
        <datafield tag="700" ind1="1" ind2=" ">
            <subfield code="a">Aguilar, José</subfield>
            <subfield code="d">1966-</subfield>
        </datafield>
        <datafield tag="700" ind1="1" ind2=" ">
            <subfield code="a">Bradbury, Ray</subfield>
            <subfield code="d">1920-2012</subfield>
        </datafield>
        <datafield tag="700" ind1="1" ind2=" ">
            <subfield code="a">Heilker, Jane</subfield>
        </datafield>
        <datafield tag="700" ind1="1" ind2=" ">
            <subfield code="a">Polo Bertomeu, Beatriz</subfield>
        </datafield>
    </record>