
    <record>
        <leader>01970ngm a2200445 i 4500</leader>
        <controlfield tag="001">bivi0000003722</controlfield>
        <controlfield tag="003">SpMaBN</controlfield>
        <controlfield tag="005">20230725011129.3</controlfield>
        <controlfield tag="007">vf*cbahou</controlfield>
        <controlfield tag="008">901001s1986    sp 111 g       0 11 spa  </controlfield>
        <datafield tag="016" ind1="7" ind2=" ">
            <subfield code="a">biviBNE19960005331</subfield>
            <subfield code="z">BN504004</subfield>
            <subfield code="2">SpMaBN</subfield>
        </datafield>
        <datafield tag="017" ind1=" " ind2=" ">
            <subfield code="a">M 3892-1986</subfield>
            <subfield code="b">Oficina Depósito Legal Madrid</subfield>
        </datafield>
        <datafield tag="028" ind1="4" ind2="0">
            <subfield code="a">PHV 099401</subfield>
            <subfield code="b">Warner Home Video</subfield>
        </datafield>
        <datafield tag="041" ind1="1" ind2=" ">
            <subfield code="a">spa</subfield>
            <subfield code="d">eng</subfield>
        </datafield>
        <datafield tag="130" ind1="0" ind2=" ">
            <subfield code="a">Moby Dick</subfield>
            <subfield code="l">Español</subfield>
        </datafield>
        <datafield tag="245" ind1="1" ind2="0">
            <subfield code="a">Moby Dick</subfield>
            <subfield code="h">[Videograbación]</subfield>
            <subfield code="c">produced and directed by John Huston ; screen play by Ray Bradbury and John Huston ; director of photography, Oswarld Morris ; music composed by Philip Sainton</subfield>
        </datafield>
        <datafield tag="260" ind1=" " ind2=" ">
            <subfield code="a">[Madrid]</subfield>
            <subfield code="b">distribuida en España por Warner Home Vídeo Española</subfield>
            <subfield code="c">D.L. 1986</subfield>
        </datafield>
        <datafield tag="300" ind1=" " ind2=" ">
            <subfield code="a">1 videocasete (VHS) (111 min)</subfield>
            <subfield code="b">son., col.</subfield>
        </datafield>
        <datafield tag="336" ind1=" " ind2=" ">
            <subfield code="a">moving image</subfield>
            <subfield code="0">http://rdaregistry.info/termList/RDAContentType/1023</subfield>
        </datafield>
        <datafield tag="337" ind1=" " ind2=" ">
            <subfield code="a">video</subfield>
            <subfield code="0">http://rdaregistry.info/termList/RDAMediaType/1008</subfield>
        </datafield>
        <datafield tag="338" ind1=" " ind2=" ">
            <subfield code="a">VHS</subfield>
            <subfield code="0">http://rdaregistry.info/termList/RDACarrierType/1052</subfield>
        </datafield>
        <datafield tag="380" ind1=" " ind2=" ">
            <subfield code="a">movie</subfield>
            <subfield code="0">https://schema.nb.no/Bibliographic/Values/V1002</subfield>
        </datafield>
        <datafield tag="500" ind1=" " ind2=" ">
            <subfield code="a">Basada en la novela homónima de Herman Melville</subfield>
        </datafield>
        <datafield tag="511" ind1="1" ind2=" ">
            <subfield code="a">Gregory Peck, Richard Basehart, Leo Genn</subfield>
        </datafield>
        <datafield tag="518" ind1=" " ind2=" ">
            <subfield code="a">Realizada en 1956 en Estados Unidos</subfield>
        </datafield>
        <datafield tag="520" ind1="3" ind2=" ">
            <subfield code="a">El capitán Ahab, consumido por la cólera y el deseo de venganza, vive obsesionado por capturar a la ballena blanca Moby Dick, que le dejó mutilado y desfigurado. Finalmente, se produce el enfrentamiento en una épica lucha sin cuartel</subfield>
        </datafield>
        <datafield tag="521" ind1=" " ind2=" ">
            <subfield code="a">Autorizada para todos los públicos</subfield>
        </datafield>
        <datafield tag="546" ind1=" " ind2=" ">
            <subfield code="a">Doblada en español</subfield>
        </datafield>
        <datafield tag="700" ind1="1" ind2=" ">
            <subfield code="a">Basehart, Richard</subfield>
            <subfield code="d">1914-1984</subfield>
        </datafield>
        <datafield tag="700" ind1="1" ind2=" ">
            <subfield code="a">Bradbury, Ray</subfield>
            <subfield code="d">1920-2012</subfield>
        </datafield>
        <datafield tag="700" ind1="1" ind2=" ">
            <subfield code="a">Genn, Leo</subfield>
            <subfield code="d">1905-1978</subfield>
        </datafield>
        <datafield tag="700" ind1="1" ind2=" ">
            <subfield code="a">Huston, John</subfield>
            <subfield code="d">1906-1987</subfield>
        </datafield>
        <datafield tag="700" ind1="1" ind2=" ">
            <subfield code="a">Morris, Oswald</subfield>
            <subfield code="d">1915-2014</subfield>
        </datafield>
        <datafield tag="700" ind1="1" ind2=" ">
            <subfield code="a">Peck, Gregory</subfield>
            <subfield code="d">1916-2003</subfield>
        </datafield>
        <datafield tag="700" ind1="1" ind2=" ">
            <subfield code="a">Sainton, Philip</subfield>
            <subfield code="d">1891-1967</subfield>
        </datafield>
        <datafield tag="700" ind1="1" ind2="2">
            <subfield code="a">Melville, Herman</subfield>
            <subfield code="d">1819-1891</subfield>
            <subfield code="t">Moby Dick</subfield>
        </datafield>
    </record>