
    <record>
        <leader>01341nam a2200373   4500</leader>
        <controlfield tag="001">bimo0000243844</controlfield>
        <controlfield tag="003">SpMaBN</controlfield>
        <controlfield tag="005">20180320003807.3</controlfield>
        <controlfield tag="008">850313s1984    sp a          000   cat  </controlfield>
        <datafield tag="016" ind1="7" ind2=" ">
            <subfield code="a">bimoBNE19921647996</subfield>
            <subfield code="z">IBH8405827098</subfield>
            <subfield code="2">SpMaBN</subfield>
        </datafield>
        <datafield tag="017" ind1=" " ind2=" ">
            <subfield code="a">B 23048-1984</subfield>
            <subfield code="b">Oficina Depósito Legal Barcelona</subfield>
        </datafield>
        <datafield tag="020" ind1=" " ind2=" ">
            <subfield code="a">84-85767-02-0</subfield>
        </datafield>
        <datafield tag="080" ind1=" " ind2=" ">
            <subfield code="a">087.5:820(73)-34"19"</subfield>
        </datafield>
        <datafield tag="080" ind1=" " ind2=" ">
            <subfield code="a">087.5:860-34"19"</subfield>
        </datafield>
        <datafield tag="130" ind1="0" ind2=" ">
            <subfield code="a">Dos</subfield>
        </datafield>
        <datafield tag="245" ind1="1" ind2="0">
            <subfield code="a">2 contes fantàstics</subfield>
            <subfield code="h">[Texto impreso]</subfield>
            <subfield code="c">il·lustracions, P. Fortuny ; [versió, Pau Escala]</subfield>
        </datafield>
        <datafield tag="250" ind1=" " ind2=" ">
            <subfield code="a">3ª ed.</subfield>
        </datafield>
        <datafield tag="260" ind1=" " ind2=" ">
            <subfield code="a">Barcelona</subfield>
            <subfield code="b">L'Atzar</subfield>
            <subfield code="c">1984</subfield>
        </datafield>
        <datafield tag="300" ind1=" " ind2=" ">
            <subfield code="a">60 p.</subfield>
            <subfield code="b">il. col. y n.</subfield>
            <subfield code="c">22 cm</subfield>
        </datafield>
        <datafield tag="336" ind1=" " ind2=" ">
            <subfield code="a">text</subfield>
            <subfield code="0">http://rdaregistry.info/termList/RDAContentType/1020</subfield>
        </datafield>
        <datafield tag="337" ind1=" " ind2=" ">
            <subfield code="a">unmediated</subfield>
            <subfield code="0">http://rdaregistry.info/termList/RDAMediaType/1007</subfield>
        </datafield>
        <datafield tag="338" ind1=" " ind2=" ">
            <subfield code="a">volume</subfield>
            <subfield code="0">http://rdaregistry.info/termList/RDACarrierType/1049</subfield>
            <subfield code="2">rdacarrier</subfield>
        </datafield>
        <datafield tag="380" ind1=" " ind2=" ">
            <subfield code="a">Language-based work</subfield>
            <subfield code="0">https://schema.nb.no/Bibliographic/Values/V1000</subfield>
        </datafield>
        <datafield tag="440" ind1=" " ind2="0">
            <subfield code="a">Lectures de l'estudiant</subfield>
            <subfield code="v">3</subfield>
        </datafield>
        <datafield tag="505" ind1="0" ind2=" ">
            <subfield code="a">Encendre la nit / Ray Bradbury. Els arbres que sabien parlar / Angela I. Ionescu</subfield>
        </datafield>
        <datafield tag="700" ind1="1" ind2=" ">
            <subfield code="a">Bradbury, Ray</subfield>
            <subfield code="d">1920-2012</subfield>
        </datafield>
        <datafield tag="700" ind1="1" ind2=" ">
            <subfield code="a">Fortuny, Pere</subfield>
        </datafield>
        <datafield tag="700" ind1="1" ind2=" ">
            <subfield code="a">Ionescu, Ángela C.</subfield>
            <subfield code="d">1937-</subfield>
        </datafield>
        <datafield tag="740" ind1="0" ind2=" ">
            <subfield code="a">Cencendre la nit.</subfield>
        </datafield>
        <datafield tag="740" ind1="0" ind2=" ">
            <subfield code="a">Els arbres que sabien parlar.</subfield>
        </datafield>
    </record>