
    <record>
        <leader>01127nam a22003131i 4500</leader>
        <controlfield tag="001">bimo0000615607</controlfield>
        <controlfield tag="003">SpMaBN</controlfield>
        <controlfield tag="005">20200515013626.6</controlfield>
        <controlfield tag="008">900725s1980    sp                  spa  </controlfield>
        <datafield tag="016" ind1="7" ind2=" ">
            <subfield code="a">bimoBNE19970945929</subfield>
            <subfield code="z">IND9100099132</subfield>
            <subfield code="2">SpMaBN</subfield>
        </datafield>
        <datafield tag="017" ind1=" " ind2=" ">
            <subfield code="a">B 15991-1980</subfield>
            <subfield code="b">Oficina Depósito Legal Barcelona</subfield>
        </datafield>
        <datafield tag="020" ind1=" " ind2=" ">
            <subfield code="a">84-350-0123-7</subfield>
        </datafield>
        <datafield tag="041" ind1="1" ind2=" ">
            <subfield code="a">spa</subfield>
            <subfield code="h">eng</subfield>
        </datafield>
        <datafield tag="080" ind1=" " ind2=" ">
            <subfield code="a">820-32"19"</subfield>
        </datafield>
        <datafield tag="100" ind1="1" ind2=" ">
            <subfield code="a">Bradbury, Ray</subfield>
            <subfield code="d">1920-2012</subfield>
            <subfield code="0">XX1641453</subfield>
            <subfield code="1">http://viaf.org/viaf/12305881</subfield>
            <subfield code="4">http://rdaregistry.info/Elements/w/object/P10061</subfield>
        </datafield>
        <datafield tag="240" ind1="1" ind2="4">
            <subfield code="a">The martian chronicles</subfield>
            <subfield code="l">Español</subfield>
            <subfield code="1">http://viaf.org/viaf/175761003</subfield>
        </datafield>
        <datafield tag="245" ind1="1" ind2="0">
            <subfield code="a">Crónicas marcianas</subfield>
            <subfield code="h">[Texto impreso]</subfield>
            <subfield code="c">Ray Bradbury ; [traducción del inglés, Francisco Abelenda]</subfield>
        </datafield>
        <datafield tag="250" ind1=" " ind2=" ">
            <subfield code="a">4ª ed</subfield>
        </datafield>
        <datafield tag="260" ind1=" " ind2=" ">
            <subfield code="a">Barcelona</subfield>
            <subfield code="b">EDHASA</subfield>
            <subfield code="c">1980</subfield>
        </datafield>
        <datafield tag="300" ind1=" " ind2=" ">
            <subfield code="a">244 p., 1 h.</subfield>
            <subfield code="c">19 cm</subfield>
        </datafield>
        <datafield tag="336" ind1=" " ind2=" ">
            <subfield code="a">text</subfield>
            <subfield code="0">http://rdaregistry.info/termList/RDAContentType/1020</subfield>
        </datafield>
        <datafield tag="337" ind1=" " ind2=" ">
            <subfield code="a">unmediated</subfield>
            <subfield code="0">http://rdaregistry.info/termList/RDAMediaType/1007</subfield>
        </datafield>
        <datafield tag="338" ind1=" " ind2=" ">
            <subfield code="a">volume</subfield>
            <subfield code="0">http://rdaregistry.info/termList/RDACarrierType/1049</subfield>
            <subfield code="2">rdacarrier</subfield>
        </datafield>
        <datafield tag="380" ind1=" " ind2=" ">
            <subfield code="a">Language-based work</subfield>
            <subfield code="0">https://schema.nb.no/Bibliographic/Values/V1000</subfield>
        </datafield>
        <datafield tag="700" ind1="1" ind2=" ">
            <subfield code="a">Abelenda, Francisco</subfield>
            <subfield code="d">1922-2014</subfield>
            <subfield code="e">traductor</subfield>
            <subfield code="1">http://viaf.org/viaf/76117483</subfield>
            <subfield code="4">http://rdaregistry.info/Elements/e/object/P20037</subfield>
        </datafield>
    </record>