
    <record>
        <leader>01163nam a22003131i 4500</leader>
        <controlfield tag="001">bimo0000615626</controlfield>
        <controlfield tag="003">SpMaBN</controlfield>
        <controlfield tag="005">20200515013626.6</controlfield>
        <controlfield tag="008">900725s1976    sp                  spa  </controlfield>
        <datafield tag="016" ind1="7" ind2=" ">
            <subfield code="a">bimoBNE19970946111</subfield>
            <subfield code="z">IND9100099151</subfield>
            <subfield code="2">SpMaBN</subfield>
        </datafield>
        <datafield tag="017" ind1=" " ind2=" ">
            <subfield code="a">B 31068-1976</subfield>
            <subfield code="b">Oficina Depósito Legal Barcelona</subfield>
        </datafield>
        <datafield tag="020" ind1=" " ind2=" ">
            <subfield code="a">84-350-0134-2</subfield>
        </datafield>
        <datafield tag="041" ind1="1" ind2=" ">
            <subfield code="a">spa</subfield>
            <subfield code="h">eng</subfield>
        </datafield>
        <datafield tag="080" ind1=" " ind2=" ">
            <subfield code="a">820-32"19"</subfield>
        </datafield>
        <datafield tag="100" ind1="1" ind2=" ">
            <subfield code="a">Bradbury, Ray</subfield>
            <subfield code="d">1920-2012</subfield>
            <subfield code="0">XX1641453</subfield>
            <subfield code="1">http://viaf.org/viaf/12305881</subfield>
            <subfield code="4">http://rdaregistry.info/Elements/w/object/P10061</subfield>
        </datafield>
        <datafield tag="240" ind1="1" ind2="4">
            <subfield code="a">The machineries of joy</subfield>
            <subfield code="l">Español</subfield>
            <subfield code="1">http://viaf.org/viaf/309316425</subfield>
        </datafield>
        <datafield tag="245" ind1="1" ind2="4">
            <subfield code="a">Las maquinarias de la alegría</subfield>
            <subfield code="h">[Texto impreso]</subfield>
            <subfield code="c">[por] Ray Bradbury ; [traducción del inglés de Aurora Bernárdez]</subfield>
        </datafield>
        <datafield tag="260" ind1=" " ind2=" ">
            <subfield code="a">[S.l.]</subfield>
            <subfield code="b">Minotauro</subfield>
            <subfield code="c">1976</subfield>
            <subfield code="e">Barcelona</subfield>
            <subfield code="f">Edhasa</subfield>
        </datafield>
        <datafield tag="300" ind1=" " ind2=" ">
            <subfield code="a">251 p., 1 h.</subfield>
            <subfield code="c">20 cm</subfield>
        </datafield>
        <datafield tag="336" ind1=" " ind2=" ">
            <subfield code="a">text</subfield>
            <subfield code="0">http://rdaregistry.info/termList/RDAContentType/1020</subfield>
        </datafield>
        <datafield tag="337" ind1=" " ind2=" ">
            <subfield code="a">unmediated</subfield>
            <subfield code="0">http://rdaregistry.info/termList/RDAMediaType/1007</subfield>
        </datafield>
        <datafield tag="338" ind1=" " ind2=" ">
            <subfield code="a">volume</subfield>
            <subfield code="0">http://rdaregistry.info/termList/RDACarrierType/1049</subfield>
            <subfield code="2">rdacarrier</subfield>
        </datafield>
        <datafield tag="380" ind1=" " ind2=" ">
            <subfield code="a">Language-based work</subfield>
            <subfield code="0">https://schema.nb.no/Bibliographic/Values/V1000</subfield>
        </datafield>
        <datafield tag="490" ind1="0" ind2=" ">
            <subfield code="a">Colección Minotauro-Edhasa</subfield>
            <subfield code="v">3</subfield>
        </datafield>
        <datafield tag="500" ind1=" " ind2=" ">
            <subfield code="a">Índice</subfield>
        </datafield>
    </record>