
    <record>
        <leader>01065nam a22003011i 4500</leader>
        <controlfield tag="001">bimo0000615612</controlfield>
        <controlfield tag="003">SpMaBN</controlfield>
        <controlfield tag="005">20230719005132.4</controlfield>
        <controlfield tag="008">900725s1971    sp                  spa  </controlfield>
        <datafield tag="016" ind1="7" ind2=" ">
            <subfield code="a">bimoBNE19970945974</subfield>
            <subfield code="z">IND9100099137</subfield>
            <subfield code="2">SpMaBN</subfield>
        </datafield>
        <datafield tag="041" ind1="1" ind2=" ">
            <subfield code="a">spa</subfield>
            <subfield code="h">eng</subfield>
        </datafield>
        <datafield tag="080" ind1=" " ind2=" ">
            <subfield code="a">087.5:82</subfield>
        </datafield>
        <datafield tag="100" ind1="1" ind2=" ">
            <subfield code="a">Bradbury, Ray</subfield>
            <subfield code="d">1920-2012</subfield>
            <subfield code="0">XX1641453</subfield>
            <subfield code="1">http://viaf.org/viaf/12305881</subfield>
            <subfield code="4">http://rdaregistry.info/Elements/w/object/P10061</subfield>
        </datafield>
        <datafield tag="243" ind1="1" ind2="0">
            <subfield code="a">Cuentos</subfield>
            <subfield code="l">Español</subfield>
            <subfield code="k">Selección</subfield>
        </datafield>
        <datafield tag="245" ind1="1" ind2="0">
            <subfield code="a">Cuentos del futuro</subfield>
            <subfield code="h">[Texto impreso]</subfield>
            <subfield code="c">dibujos de Nuria Pompeia ; [traducción, Juan Ribalta]</subfield>
        </datafield>
        <datafield tag="260" ind1=" " ind2=" ">
            <subfield code="a">Barcelona</subfield>
            <subfield code="b">Lumen</subfield>
            <subfield code="c">[1971]</subfield>
        </datafield>
        <datafield tag="300" ind1=" " ind2=" ">
            <subfield code="a">103 p.</subfield>
            <subfield code="b">grab.</subfield>
            <subfield code="c">18 cm</subfield>
        </datafield>
        <datafield tag="336" ind1=" " ind2=" ">
            <subfield code="a">text</subfield>
            <subfield code="0">http://rdaregistry.info/termList/RDAContentType/1020</subfield>
        </datafield>
        <datafield tag="337" ind1=" " ind2=" ">
            <subfield code="a">unmediated</subfield>
            <subfield code="0">http://rdaregistry.info/termList/RDAMediaType/1007</subfield>
        </datafield>
        <datafield tag="338" ind1=" " ind2=" ">
            <subfield code="a">volume</subfield>
            <subfield code="0">http://rdaregistry.info/termList/RDACarrierType/1049</subfield>
            <subfield code="2">rdacarrier</subfield>
        </datafield>
        <datafield tag="380" ind1=" " ind2=" ">
            <subfield code="a">Language-based work</subfield>
            <subfield code="0">https://schema.nb.no/Bibliographic/Values/V1000</subfield>
        </datafield>
        <datafield tag="490" ind1="0" ind2=" ">
            <subfield code="a">Colección Grandes Autores</subfield>
            <subfield code="v">v. 29</subfield>
        </datafield>
        <datafield tag="700" ind1="1" ind2=" ">
            <subfield code="a">Pompeia, Núria</subfield>
            <subfield code="d">1931-2016</subfield>
        </datafield>
        <datafield tag="700" ind1="1" ind2=" ">
            <subfield code="a">Ribalta, Juan</subfield>
        </datafield>
    </record>